=LDR  03901cam a2200457Ii 4500
=001  y99981431666
=003  OCoLC
=005  20190605105806.5
=008  190104s2020\\\\mauabc\\\b\\\\001\0\eng\d
=040  \\$aORK$beng$erda$cORK$dJAS$dWS2$dOCLCF$dYDXIT
=020  \\$a9781337630702$qhardcover
=020  \\$a1337630705$qhardcover
=020  \\$a9781337630702$qstudents edition
=020  \\$a9781337696722$qloose-leaf edition
=020  \\$a1337696722$qloose-leaf edition
=035  \\$a(OCoLC)1081190650
=050  \4$aN5300$b.G25 2020
=082  14$a709$223
=100  1\$aGardner, Helen,$d1878-1946,$eauthor.
=240  10$aArt through the ages
=245  10$aGardner's art through the ages :$ba global history /$cFred S. Kleiner ; [edited by] Marta Lee-Perriard, Lianne Ames, Laura Hildebrand.
=246  30$aArt through the ages
=250  \\$a16th edition.
=264  \1$aBoston, MA :$bCengage Learning,$c[2020]
=300  \\$axxix, 1235 pages :$billustrations (some color), color maps, portraits ;$c30 cm
=336  \\$atext$btxt$2rdacontent
=336  \\$astill image$bsti$2rdacontent
=337  \\$aunmediated$bn$2rdamedia
=338  \\$avolume$bnc$2rdacarrier
=504  \\$aIncludes bibliographical references (pages 1177-1201) and index.
=505  0\$aWhat is art history? -- Art in the Stone Age -- Ancient Mesopotamia and Persia -- Egypt from Narmer to Cleopatra -- The prehistoric Aegean -- Ancient Greece -- The Etruscans -- The Roman Empire -- Late antiquity -- Byzantium -- The Islamic world -- Early medieval Europe -- Romanesque Europe -- Gothic Europe north of the Alps -- Late medieval Italy -- South and Southeast Asia before 1200 -- China and Korea to 1279 -- Japan before 1333 -- Native American cultures before 1300 -- Africa before 1800 -- Late medieval and early Renaissance Northern Europe -- The Renaissance in Quattrocento Italy  --  Renaissance and mannerism in Cinquecento Italy -- High Renaissance and mannerism in Northern Europe and Spain -- The baroque in Italy and Spain -- The baroque in Northern Europe -- Rococo to neoclassicism: the 18th century in Europe and America -- Romanticism, realism, photography: Europe and America, 1800 to 1870 -- Impressionism, post-impressionism, symbolism: Europe and America, 1870-1900 -- Modernism in Europe, 1900 to 1945 -- Modernism in the United States and Mexico, 1900 to 1945 -- Modernism and postmodernism in Europe and America, 1945 to 1980 -- Contemporary art worldwide -- South and Southeast Asia, 1200 to 1980 -- China and Korea, 1279 to 1980 -- Japan, 1333 to 1980 -- Native American cultures, 1300 to 1980 -- Oceania before 1980 -- Africa, 1800 to 1980.
=520  \\$a"Experience the wonders of human creativity in GARDNER'S ART THROUGH THE AGES: A GLOBAL HISTORY, 16th Edition! A grand tour of the world's most celebrated works from the Stone Age to the modern era, this introductory text has been a classroom favorite for 85 years. Every chapter includes rich and compelling discussions of pivotal art works, periods and geographies in art history, as well as new artists and art forms. Of course, the bold illustrations on the pages look almost as good as the real thing, especially when you use the unique Scale feature to imagine a work's stature from the artist's point of view. And to keep your course success in focus, the text offers Quick Review Captions and Big Picture Overviews, as well as an optional ebook that enables you to zoom in on fine details of paintings, sculptures, and priceless art forms of all kinds."--Amazon.com
=583  \\$acat$bhum-ref$c20190826$kkjw$5UPB
=650  \0$aArt$xHistory.
=700  1\$aKleiner, Fred S.
=700  1\$aLee-Perriard, Marta,$d1974-$eeditor.
=700  1\$aAmes, Lianne$eeditor.
=700  1\$aHildebrand, Laura,$eeditor.
=596  \\$a1
=926  \\$aLEE$bHUM-REF$cN 5300 .G25x 2020$dREF-BOOK$f1
=926  \\$aLEE$bHUMREFDESK$cN 5300 .G25x 2020$d2HR-CKOUT$f2

