=LDR  05792nam a2200637Mi 4500
=001  y16156371
=003  NhCcYBP
=005  20190428153805.5
=006  m\\\\\o\\d\\\\\\\\
=007  cr\|n|||||||||
=008  190408t20192019nyu\\\\\of\\\\000\0\eng\d
=020  \\$a9780429015564$q(electronic bk.)
=020  \\$a0429015569$q(electronic bk.)
=020  \\$z9781138581180
=020  \\$z1138581186
=020  \\$z9781138581197
=020  \\$z1138581194
=020  \\$a9780429015571$q(PDF ebook)
=020  \\$a0429015577
=020  \\$a9780429015557$q(Mobipocket ebook)
=020  \\$a0429015550
=020  \\$a9780429506857$q(ebook)
=020  \\$a0429506856
=024  8\$a10.4324/9780429506857$2doi
=037  \\$a9780429015564$bIngram Content Group
=040  \\$aNhCcYBP$cNhCcYBP
=043  \\$ae-uk---
=050  \4$aLB2367.G7$bI56 2019
=082  04$a378.1/662$223
=090  \\$asee URL
=245  00$aInnovative assessment in higher education :$ba handbook for academic practitioners /$cedited by Cordelia Bryan and Karen Clegg.
=250  \\$aSecond Edition.
=264  \1$aNew York :$bRoutledge,$c2019.
=264  \4$c© 2019 selection and editorial matter, Cordelia Bryan and Karen Clegg; individual chapters, the contributors.
=300  \\$a1 online resource.
=336  \\$atext$btxt$2rdacontent
=337  \\$acomputer$2rdamedia
=338  \\$aonline resource$2rdacarrier
=500  \\$a"[First edition published by Routledge 2006]"--T.p. verso.
=533  \\$aElectronic reproduction.$bAnn Arbor, MI$nAvailable via World Wide Web.
=583  \\$aProQuest dda$5UPB
=588  \\$aDescription based on print version record.
=504  \\$aIncludes bibliographical references and index.
=505  0\$a<P>Foreword</P><P>Introduction: how innovative are we? -- Cordelia Bryan and Karen Clegg</P><P>Part I: Assessment in Context</P><P>1. The national context of assessment in higher education -- Helen King, University of the West of England, UK</P><P>2. How assessment frames student learning -- Graham Gibbs, Independent Consultant, UK</P><P>3. Changing the narrative: a programme approach to assessment through TESTA -- Tansy Jessop, Solent University, UK</P><P>4. Using assessment and feedback to empower students and enhance their learning -- Sally Brown (et al), Independent Consultant, UK</P><P>5. The transformative role of self and peer assessment in developing critical thinkers -- Joanna Tai and Cie Adachi, Deakin University, Australia</P><B><P>Part II: Implementing Feedback</P></B><P>6. Evaluating written feedback -- Evelyn Brown and Chris Glover, UK</P><P>7. Assessing oral presentations: style, substance and the 'Razzle Dazzle' trap -- Steve Hutchinson, Independent Trainer, UK</P><P>8. Assessing and developing employability skills through triangulated feedback -- Susan Kane and Tom Banham, University of York, UK</P><P>9. Innovative Assessment: the academics' perspective -- Lin Norton, Liverpool Hope University, UK</P><P>10. Developing students emotional literacy in assessment and feedback -- Edd Pitt, University of Kent, Canterbury, UK</P><P>11. Developing students' proactive engagement with feedback -- Naomi Winstone , University of Surrey, Guildford, and Robert Nash, Aston University, Birmingham, UK</P><B><P>Part III: Stimulating Learning</P></B><P>12. Certainty-Based Marketing: stimulating thinking and improving objective tests -- Tony Gardner-Medwin, University College London, UK</P><P>13. Developing and assessing inclusivity in group learning -- Theo Gilbert and Cordelia Bryan, University of Hertfordshire, UK</P><P>14. Designing engaging assessment through the use of social media and collaborative technologies -- Richard Walker, University of York, and Martin Jenkins, University of Coventry, UK</P><P>15. Developing autonomy via Assessment for Learning: students' views of their involvement in self and peer review activities -- Kay Sambell and Alistair Sambell, Edinburgh Napier University, UK</P><P>16. Assessing simulated professional practice in the performing arts -- Kathy Dacre, Rose Bruford College of Theatre and Performing Arts, UK</P><P>17. Archimedean levers and assessment: disseminating digital innovation in Higher Education -- Paul Maharg, Osgoode Hall Law School, York University, Toronto</P><B><P>Part IV: Assessing Professional Development</P></B><P>18. Developing the next generation of academics: the Graduate Teacher Assistant Experience -- Karen Clegg, University of York, and Giles Martin, Bath Spa University, UK</P><P>19. Practitioner Perspectives: utilising the UK Professional Standards Framework to design assessment -- Cordelia Bryan et al (with case studies from Frum Giles; Adam Crymble; Thomas Baker, University of Hertfordshire, Daria Reznikova, Trinity Laban, Conservatoire for Music and Dance)</P><P>20. Measure for Measure: wide applications of practices in professional assessment -- Chris Maguire, Blenheim Chalcot, Angela Devereux, Swansea University, Lynne Gel, BPP University, Dimitra Pachi, BB University, UK</P><B><P>Conclusion: Resilience, Resourcefulness and Reflections -- Cordelia Bryan and Karen Clegg</P></B>
=650  \0$aUniversities and colleges$zGreat Britain$xExaminations.
=650  \0$aEducation, Higher$zGreat Britain$xEvaluation.
=650  \0$aEducational evaluation$zGreat Britain.
=655  \0$aElectronic books.
=700  1\$aBryan, Cordelia,$eeditor.
=700  1\$aClegg, Karen,$eeditor.
=710  2\$aProQuest (Firm)
=776  08$cOriginal$z9781138581180$z1138581186$z9781138581197$z1138581194$w(DLC)  2018056353
=856  40$uhttps://ebookcentral.proquest.com/lib/byu/detail.action?docID=5744693
=949  \\$asee URL$tE-BOOK$kLIBRARYWEB$lLIBRARYWEB$mON-DEMAND$rY$wALPHANUM$zDDA-PROQST
=596  \\$a5
=926  \\$aON-DEMAND$bLIBRARYWEB$csee URL$dE-BOOK$f1

