=LDR  03602 am a2200613 i 4500
=001  ocn914290700
=003  OCoLC
=005  20170518165034.0
=008  150507t20172017mauab\\\\b\\\\001\0\eng\d
=010  \\$a  2015940838
=040  \\$aYDXCP$beng$erda$cDLC$dYDXCP$dBTCTA$dYYP$dITD$dNYP$dGTA$dOCLCQ$dUPB
=020  \\$a1305633946
=020  \\$a9781305633940$q(paperback ;$qstudent edition, v. 1)
=020  \\$a9781305645059$q(paperback ;$qstudent edition, v. 2)
=020  \\$a1305645057$q(paperback ;$qstudent edition, v. 2)
=020  \\$a9781305870925$q(paperback ;$qloose-leaf edition)
=020  \\$a1305870921$q(paperback ;$qloose-leaf edition)
=035  \\$a(OCoLC)914290700
=042  \\$alccopycat
=050  00$aN5300$b.G252 2017
=082  04$a709$223
=100  1\$aGardner, Helen,$d1878-1946,$eauthor.
=240  10$aArt through the ages.$kSelections
=245  10$aGardner's art through the ages :$bthe western perspective /$cFred S. Kleiner.
=246  30$aArt through the ages
=250  \\$aFifteenth edition.
=264  \1$aBoston, MA ;$aAustralia ;$aBrazil ;$aMexico ;$aSingapore ;$aUnited Kingdon ;$aUnited States :$bCengage Learning,$c[2017]
=264  \4$c©2017
=300  \\$a2 volumes (various pagings) :$billustrations (some color), color maps ;$c30 cm
=336  \\$atext$btxt$2rdacontent
=336  \\$astill image$bsti$2rdacontent
=337  \\$aunmediated$bn$2rdamedia
=338  \\$avolume$bnc$2rdacarrier
=500  \\$a"Student edition" and "Loose-leaf edition"--Title page verso.
=500  \\$a" ... extensively revised and expanded 15th edition of Gardner's Art through the Ages: the Western Perspective, which, like the enhanced 14th edition, is a hybrid art history textbook- ..."--Page xv.
=500  \\$aThe 15th edition of Gardner's Art through the Ages is available in several different traditional paper formats.
=588  0\$aVol. 2.
=504  \\$aIncludes bibliographical references and indexes.
=505  0\$aVolume I. What is art history? ; Art before history ; Mesopotamia and Persia ; Egypt under the Pharaohs ; The prehistoric Aegean ; Ancient Greece ; The Etruscans ; The Roman Empire ; Late Antiquity ; Byzantium ; The Islamic World ; Early Medieval Europe ; Romanesque Europe ; Gothic Europe ; Late Medieval Italy -- volume. II. Late Medieval Italy ; Late Medieval and early Renaissance northern Europe ; The Renaissance in Quattrocento Italy ; Renaissance and Mannerism in Cinquecento Italy ; High Renaissance and Mannerism in northern Europe and Spain ; The Baroque in Italy and Spain ; The Baroque in northern Europe ; Rococo to Neoclassicism : the 18th century in Europe and America ; Romanticism, Realism, photography : Europe and America, 1800 to 1870 ; Impressionism, Post-impressionism, Symbolism : Europe and America, 1870 to 1900 ; Moderism in Europe and America, 1900 to 1945 -- Modernism and Postmodernism in Europe and America, 1945 to 1980 ; Contemporary art worldwide.
=520  \\$aAn introductory survey of the history of art.
=583  \\$acat$bstacks$c20170803$kkjw$5UPB
=650  \0$aArt$xHistory$vTextbooks.
=700  1\$aKleiner, Fred S.,$eauthor.
=596  \\$a1
=926  \\$aLEE$bHUM-REF$cN 5300 .G252 2017 vol.1$dREF-BOOK$f1
=926  \\$aLEE$bRESERVE$cN 5300 .G252 2017 vol.1$dRESERVE-BK$f2
=926  \\$aLEE$bHUM-REF$cN 5300 .G252 2017 vol.2$dREF-BOOK$f1
=926  \\$aLEE$bRESERVE$cN 5300 .G252 2017 vol.2$dBOOK$f2
=927  \\$aLEE
=927  \\$bLocation$cHUM-REF--    
=927  \\$bLibrary has$cvol.1-2
=927  \\$aLEE
=927  \\$bLocation$cLEE-LIB--    
=927  \\$bLibrary has$cvol.1-2

