=LDR  02255 am a2200397 i 4500
=001  a6771064
=008  150507t20172017mauab\\\\b\\\\001\0\eng\d
=010  \\$a  2015940837
=020  \\$a9781305577800$q(student edition)
=020  \\$a1305577809$q(student edition)
=020  \\$a9781305872547$q(loose-leaf edition)
=020  \\$a1305872541$q(loose-leaf edition)
=035  \\$a(OCoLC)935945878$z(OCoLC)914290660
=040  \\$aZQC$beng$erda$cZQC$dDLC$dYYP$dYDXCP$dBTCTA$dNYP$dUPB
=042  \\$alccopycat
=050  00$aN5300$b.G252 2017
=082  04$a709$222
=100  1\$aGardner, Helen,$d1878-1946,$eauthor.$4aut
=240  10$aArt through the ages.$kSelections
=245  10$aGardner's art through the ages :$ba concise global history /$cFred S. Kleiner.
=246  30$aArt through the ages :$ba concise global history
=250  \\$aFourth edition.
=264  \1$aBoston, MA :$bCengage Learning,$c[2017]
=264  \4$c©2017
=300  \\$axxi, 626 pages :$billustrations (some color), color maps ;$c29 cm
=336  \\$atext$btxt$2rdacontent
=336  \\$astill image$bsti$2rdacontent
=337  \\$aunmediated$bn$2rdamedia
=338  \\$avolume$bnc$2rdacarrier
=504  \\$aIncludes bibliographical references (pages 591-601) and index.
=505  0\$a1. Prehistory and the First Civilizations -- 2. Ancient Greece -- 3. The Roman Empire -- 4. Early Christianity and Byzantium -- 5. The Islamic World -- 6. Early Medieval and Romanesque Europe -- 7. Gothic and Late Medieval Europe -- 8. The Early Renaissance in Europe -- 9. High Renaissance and Mannerism in Europe -- 10. Baroque europe -- 11. Rococo to Neoclassicism in Europe and America -- 12. Romanticism, Realism, and Photography, 1800 to 1870 -- 13. Impressionism, Post-Impressionism, and Symbolism, 1870 to 1900 -- 14. Modernism in Europe and America, 1900 to 1945 -- 15. Modernism and Postmodernism in Europe and America, 1945 to 1980 -- 16. Contemporary Art Worldwide -- 17. South and Southeast Asia -- 18. China and Korea -- 19. Japan -- 20. Native Americas and Oceania. -- 21. Africa.
=583  \\$acat$bstacks$c20170117$kkjw$5UPB
=650  \0$aArt$xHistory$vTextbooks.
=700  1\$aKleiner, Fred S.,$eauthor.$4aut
=596  \\$a1
=926  \\$aLEE$bRESERVE$cN 5300 .G252 2017$dBOOK$f1

