=LDR  03098 am a22003614i 4500
=008  140619s2016\\\\maua\\\\\b\\\\001\0\eng\d
=020  \\$a9781285839028
=037  \\$bCengage Learning, 10650 Toebben Dr, Independence, KY, USA, 41051, (859)5252230, 5895$nSAN 200-2213
=040  \\$aUKMGB$beng$erda$cDLC$dUKMGB$dORZ$dOCLCF$dCDX$dOCLCQ$dSFR$dUPB
=042  \\$alccopycat
=050  00$aN5300$b.G25 2016
=082  04$a709$223
=100  1\$aGardner, Helen,$d1878-1946,$eauthor.
=240  10$aArt through the ages
=245  10$aGardner's Art through the ages :$ba global history /$cFred S. Kleiner.
=250  \\$aFifteenth edition, Student edition.
=264  \1$aBoston [Massachussets] :$bCengage Learning,$c[2016]
=300  \\$axxix, 1224 pages :$bcolor illustrations ;$c30 cm +$eteacher's guide.
=336  \\$atext$btxt$2rdacontent
=336  \\$astill image$bsti$2rdacontent
=337  \\$aunmediated$bn$2rdamedia
=338  \\$avolume$bnc$2rdacarrier
=504  \\$aIncludes bibliographical references (pages 1165-1188) and index.
=505  0\$aPreface -- Introduction : What Is Art History? -- 1. Art in the Stone Age -- 2. Ancient Mesopotamia and Persia -- 3. Egypt from Narmer to Cleopatra -- 4. The Prehistoric Aegean -- 5. Ancient Greece -- 6. The Etruscans -- 7. The Roman Empire -- 8. Late Antiquity -- 9. Byzantium -- 10. The Islamic World -- 11. Early Medieval Europe -- 12. Romanesque Europe -- 13. Gothic Europe -- 14. Late Medieval Italy -- 15. South and Southeast Asia before 1200 -- 16. China and Korea to 1279 -- 17. Japan before 1333 -- 18. Native American Cultures before 1300 -- 19. Africa before 1800 -- 20. Late Medieval and Early Renaissance Northern Europe -- 21. The Renaissance in Quattrocento Italy -- 22. Renaissance and Mannerism in Cinquecento Italy -- 23. High Renaissance and Mannerism in Northern Europe and Spain -- 24. The Baroque in Italy and Spain -- 25. The Baroque in Northern Europe -- 26. Rococo to Neoclassicism: The 18th Century in Europe and America -- 27. Romanticism, Realism, Photography : Europe and America, 1800 to 1870 -- 28. Impressionism, Post-Impressionism, Symbolism : Europe and America, 1870 to 1900 -- 29. Modernism in Europe and America, 1900 to 1945 -- 30. Modernism and Postmodernism in Europe and America, 1945 to 1980 -- 31. Contemporary Art Worldwide -- 32. South and Southeast Asia, 1200 to 1980 -- 33. China and Korea, 1279 to 1980 -- 34. Japan, 1333 to 1980 -- 35. Native American Cultures, 1300 to 1980 -- 36. Oceania before 1980 -- 37. Africa, 1800 to 1980 -- Notes -- Glossary -- Bibliography -- Credits -- Index.
=505  0\$aG1. Student edition -- G1b. Teachers guide.
=583  \\$acat$bcurr$c20170918$kshs$5UPB
=650  \0$aArt$xHistory.
=700  1\$aKleiner, Fred S.,$eauthor.
=856  42$3Contributor biographical information$uhttp://catdir.loc.gov/catdir/enhancements/fy1509/2014943688-b.html
=856  42$3Publisher description$uhttp://catdir.loc.gov/catdir/enhancements/fy1509/2014943688-d.html
=596  \\$a1
=926  \\$aLEE$bCURRICULUM$cSC8 G1$dCURRICULUM$f1
=926  \\$aLEE$bCURRICULUM$cSC8 G1b$dCURRICULUM$f1

