=LDR  01700cam a2200445Ii 4500
=001  y99962841822
=001  a6568828
=008  140619s2016\\\\maua\\\\\b\\\\001\0\eng\d
=010  \\$a  2014943688
=015  \\$aGBB4E4778$2bnb
=020  \\$a9781285754994 (hardcover)
=020  \\$a1285754999 (hardcover)
=020  \\$z9781285837840$q(pbk. ;$qv. 1)
=020  \\$z1285837843$q(pbk. ;$qv. 1)
=020  \\$z9781285839394$q(pbk. ;$qv. 2)
=020  \\$z1285839390$q(pbk. ;$qv. 2)
=035  \\$a(OCoLC)911517785$z(OCoLC)939799148$z(OCoLC)944150608
=037  \\$bCengage Learning, 10650 Toebben Dr, Independence, KY, USA, 41051, (859)5252230, 5895$nSAN 200-2213
=040  \\$aUKMGB$beng$erda$cDLC$dUKMGB$dORZ$dOCLCF$dCDX$dOCLCQ$dSFR$dUPB
=042  \\$alccopycat
=050  00$aN5300$b.G25 2016
=082  04$a709$223
=100  1\$aGardner, Helen,$d1878-1946,$eauthor.
=240  10$aArt through the ages
=245  10$aGardner's Art through the ages :$ba global history /$cFred S. Kleiner.
=250  \\$aFifteenth edition, Student edition.
=264  \1$aBoston [Massachussets] :$bCengage Learning,$c[2016]
=300  \\$axxix, 1224 pages :$bcolor illustrations ;$c30 cm
=336  \\$atext$btxt$2rdacontent
=336  \\$astill image$bsti$2rdacontent
=337  \\$aunmediated$bn$2rdamedia
=338  \\$avolume$bnc$2rdacarrier
=504  \\$aIncludes bibliographical references (pages 1165-1188) and index.
=650  \0$aArt$xHistory.
=700  1\$aKleiner, Fred S.,$eauthor.$4aut
=583  \\$acat$brda:d$d20150529$kkjw$5UPB
=583  \\$asr$bYBP$c20150508$5UPB
=596  \\$a1
=926  \\$aLEE$bHUM-REF$cN 5300 .G25 2016$dREF-BOOK$f1
=926  \\$aLEE$bHUMREFDESK$cN 5300 .G25 2016$d2HR-CKOUT$f2

