=LDR  05201cam a2200517Li 4500
=001  y99981431955
=003  NhCcYBP
=005  20150203075049.5
=006  m\\\\\o\\d\\\\\\\\
=007  cr\|n|
=008  141008s2015\\\\nyua\\\\ob\\\\001\0\eng\d
=020  \\$a1462517641$qelectronic bk.
=020  \\$a9781462517640$qelectronic bk.
=020  \\$z9781462517503 (hardcover : alk. paper)
=020  \\$z1462517501 (hardcover : alk. paper)
=040  \\$aNhCcYBP$cNhCcYBP
=050  \4$aRJ505.P6$bP53 2015
=060  \4$aWS 350.4
=072  \7$aMED$x033000$2bisacsh
=082  04$a618.92/891653$223
=090  \\$asee URL
=245  00$aPlay therapy :$ba comprehensive guide to theory and practice /$cedited by David A. Crenshaw, Anne L. Stewart ; foreword by Stuart Brown.
=264  \1$aNew York, NY :$bThe Guilford Press,$c[2015]
=300  \\$a1 online resource.
=336  \\$atext$2rdacontent
=337  \\$acomputer$2rdamedia
=338  \\$aonline resource$2rdacarrier
=490  1\$aCreative arts and play therapy
=504  \\$aIncludes bibliographical references and index.
=505  0\$aChild-centered play therapy / Dee C. Ray and Garry L. Landreth -- Object relations and attachment-based play therapy / Sarah C. Patton and Helen E. Benedict -- Adlerian play therapy / Terry Kottman and Jeffrey S. Ashby -- Jungian analytical play therapy / J. P. Lilly -- Psychodynamic play therapy / John B. Mordock -- Cognitive-behavioral play therapy / Angela M. Cavett -- Integrative approach to play therapy / Eliana Gil, Elizabeth Konrath, Jennifer Shaw, Myriam Goldin, and Heather McTaggart Bryan -- Attachment security as a framework in play therapy / William Whelan and Anne L. Stewart -- Child-Parent relationship therapy : a 10-session filial therapy model / Sue C. Bratton, Kristie Opiola, and Eric Dafoe -- Theraplay® : repairing relationships, helping families heal / Phyllis B. Booth and Mario L.-R. Winstead -- Sandtray and storytelling in play therapy / Theresa Kestly -- StoryPlay® : a narrative play therapy approach / Joyce C. Mills -- Family play therapy : practical techniques / Greg Czyszczon, Scott Riviere, Dianne Koontz Lowman, and Anne L. Stewart -- Animal-assisted play therapy / Risë VanFleet and Tracie Faa-Thompson -- Play therapy with "children of fury": treating the trauma of betrayal / David A. Crenshaw -- Play therapy with the spectrum of bullying behavior / Steven Baron -- Child-centered play therapy and school-based problems / Angela I. Sheely-Moore and Peggy L. Ceballos -- Trauma narratives with children in foster care : individual and group play therapy / David A. Crenshaw and Kathleen S. Tillman -- Play therapy with children experiencing homelessness / Debbie C. Sturm and Christopher Hill -- Play therapy with children of divorce : a prescriptive approach / Sueann Kenney-Noziska and Liana Lowenstein -- Play therapy for children experiencing grief and traumatic loss : what matters most / William Steele -- Jungian analytical play therapy with a sexually abused child / J. P. Lilly -- Child maltreatment : safety-based clinical strategies for play therapists / Janine Shelby and Lauren El. Maltby -- Reunifying families after critical separations : an integrative play therapy approach to building and strengthening family ties / Eliana Gil -- Play-based disaster and crisis intervention : roles of play therapists in promoting recovery / Anne L. Stewart, Lennis G. Echterling, and Claudio Mochi -- Play therapy with military-connected children and families / Jessical Anne Umhoefer, Mary Anne Peabody, and Anne L. Stewart -- Play therapy with children on the autism spectrum / Kevin B. Hull -- Play therapy with children with attention-deficit/hyperactivity disorder / Heidi Gerard Kaduson -- Filial therapy for children with anxiety disorders / Louise F. Guerney -- Play therapy with adolescents / Brijin Johnson Gardner -- Play therapy interventions for adults / Diane Frey -- Research in play therapy : empirical support for practice / Dee C. Ray -- Reflective practice in play therapy and supervision / John W. Seymour and David A. Crenshaw -- Cultural issues in play therapy / Phyllis Post and Kathleen S. Tillman -- Ethics in play therapy / Jeffrey S. Ashby and Kathleen McKinney Clark -- Exploring the neuroscience of healing play at every age / Bonnie Badenoch and Theresa Kestly.
=533  \\$aElectronic reproduction.$bIpswich, MA$nAvailable via World Wide Web.
=588  \\$aDescription based on print version record.
=583  \\$aebsco$bpurchase$c20190809$knsh$5UPB
=650  \0$aPlay therapy.
=655  \0$aElectronic books.
=700  1\$aCrenshaw, David A.,$eeditor.
=700  1\$aStewart, Anne L.,$d1951 November 25-$eeditor.
=710  2\$aEBSCOhost
=776  08$iPrint version:$z9781462517503$z1462517501$w(DLC)  2014010771
=830  \0$aCreative arts and play therapy.
=856  40$uhttp://search.ebscohost.com/login.aspx?direct=true&scope=site&db=nlebk&db=nlabk&AN=826919
=949  \\$asee URL$b99981431955$hLIBRARYWEB$kLIBRARYWEB$lLIBRARYWEB$mINTERNET$tE-BOOK$wLC
=980  \\$a190802$b168.00$e168.00$f119897$g1
=981  \\$b11390005164034193$cE-BOOK
=596  \\$a3
=926  \\$aINTERNET$bLIBRARYWEB$csee URL$dE-BOOK$f1

