=LDR  01587cam a2200421Ii 4500
=001  y40025370238
=003  SIRSI
=005  20151015103534.2
=008  150803s2015\\\\enka\\\\\b\\\\001\0\eng\d
=020  \\$a9781137463807$qhardcover
=020  \\$a1137463805$qhardcover
=035  \\$a(OCoLC)923205165
=035  \\$aUtOrBLW
=040  \\$aNLE$beng$erda$cNLE$dOCLCO$dNhCcYBP$dUtOrBLW
=043  \\$ap------$au-at---
=050  \4$aGN662$b.G37 2015
=082  04$a301.099$223
=100  1\$aGardner, Helen Bethea,$d1959-$eauthor.
=245  10$aSouthern anthropology :$ba history of Fison and Howitt's Kamilaroi and Kurnai /$cHelen Gardner and Patrick McConvell.
=264  \1$aBasingstoke, Hampshire :$bPalgrave Macmillan,$c2015.
=300  \\$axx, 329 pages :$billustrations ;$c23 cm.
=336  \\$atext$2rdacontent
=337  \\$aunmediated$2rdamedia
=338  \\$avolume$2rdacarrier
=490  1\$aPalgrave studies in Pacific history
=504  \\$aIncludes bibliographical references (pages 300-315)and index.
=596  \\$a1
=600  10$aFison, Lorimer,$d1832-1907.$tKamilaroi and Kurnai.
=600  10$aHowitt, A. W.$q(Alfred William),$d1830-1908.
=650  \0$aAnthropology$zPacific Area$xHistory$y19th century.
=650  \0$aAnthropology$zAustralia$xHistory$y19th century.
=651  \0$aPacific Area$xHistory.
=651  \0$aAustralia$xHistoriography.
=700  1\$aMcConvell, Patrick$eauthor.
=830  \0$aPalgrave studies in Pacific history.
=583  \\$asr$bYBP$c20151106$5UPB
=583  \\$acat$c20160119$kjep/cjk$5UPB
=926  \\$aLEE$bLEE-LIB$cGN 662 .G37x 2015$dBOOK$f1

