=LDR  01941cam a2200397Ii 4500
=001  a6568732
=003  SIRSI
=005  20150427151719.0
=008  150427s2014\\\\maua\\\\\b\\\\001\0\eng\d
=010  \\$a  2012942248
=016  7\$a016176761$2Uk
=020  \\$a9781133954798
=020  \\$a1133954790
=020  \\$a9781285057323 (pbk.)
=020  \\$a1285057325 (pbk.)
=035  \\$a(OCoLC)ocn908039721
=040  \\$aCPA$beng$erda$cUBY$dCPA$dPHADU$dUKMGB$dOCLCF$dUBY
=050  \4$aN5300$b.G252 2014
=079  \\$aocn857064819
=082  04$a709$223
=100  1\$aKleiner, Fred S.,$eauthor.
=245  10$aGardner's art through the ages :$ba concise Western history /$cFred S. Kleiner.
=250  \\$aThird edition.
=264  \1$aBoston, MA :$bWadsworth, Cengage Learning,$c[2014]
=300  \\$axviii, 520 pages :$billustrations (chiefly color) ;$c30 cm
=336  \\$atext$2rdacontent
=336  \\$astill image$2rdacontent
=337  \\$aunmediated$2rdamedia
=338  \\$avolume$2rdacarrier
=504  \\$aIncludes bibliographical references (pages 485-493) and indexes.
=505  0\$aWhat is art history? -- Prehistory and the first civilizations -- Ancient Greece -- The Roman Empire -- Early Christianity and Byzantium -- The Islamic world -- Early medieval and Romanesque Europe -- Gothic and late medieval Europe --  The early renaissance in Europe -- High renaissance and mannerism in Europe -- Baroque Europe -- Rococo to neoclassicism in Europe and America -- Romanticism, realism, and photography, 1800 to 1870 -- Impressionism, post-impressionism, and symbolism, 1870-1900 -- Modernism in Europe and America, 1900 to 1945 -- Modernism and Postmodernism in Europe and America, 1945 to 1980 -- Contemporary art worldwide.
=596  \\$a1
=650  \0$aArt$xHistory.
=700  1\$aGardner, Helen,$d1878-1946.$tArt through the ages.
=583  \\$acat$brda:d$d20150427$kkjw$5UPB
=926  \\$aLEE$bLEE-LIB$cN 5300 .G252 2014$dBOOK$f1

