=LDR  03687nam a2200409Ia 4500
=001  a6461739
=003  SIRSI
=005  20140609185405.0
=008  140609s2014\\\\nyua\\\\\\\\\\001\0\eng\d
=016  7\$a016597124$2Uk
=020  \\$a9781137333537
=020  \\$a1137333537
=020  \\$a1137333529
=020  \\$a9781137333520
=035  \\$a(OCoLC)ocn881199707
=035  \\$aUtOrBLW
=040  \\$aBTCTA$beng$cUBY$dBDX$dUKMGB$dYDXCP$dCDX$dERASA$dOCLCO$dYBM$dNKM$dALM$dZCU$dUtOrBLW
=050  \4$aBJ1458.3$b.E73 2014
=079  \\$aocn864093263
=245  04$aThe ethics of creativity /$cedited by Seana Moran, David Cropley, James C. Kaufman.
=260  \\$aNew York :$bPalgrave Macmillan,$c2014.
=300  \\$axvi, 325 p. :$bill. ;$c22 cm
=336  \\$atext$2rdacontent
=337  \\$aunmediated$2rdamedia
=338  \\$avolume$2rdacarrier
=504  \\$aIncludes bibliographical references and index.
=505  0\$apt. I What Are the Moral Mental Mechanisms Involved in Creativity, and How Do They Develop? -- 1. The Development of Moral Imagination / Kellen Mrkva -- 2. Moral Craftsmanship / Mark Coeckelbergh -- 3. Creativity in Ethical Reasoning / Robert J. Sternberg -- 4. Moral Creativity and Creative Morality / Mihaly Csikszentmihalyi -- 5. Creative Artists and Creative Scientists: Where Does the Buck Stop? / Howard Gardner -- pt. II When, How, and Why Does Creativity Lead to Positive or Negative Ethical Impacts---or Both? -- 6.A Creative Alchemy / Ruth Richards -- 7. License to Steal: How the Creative Identity Entitles Dishonesty / Jack A. Goncalo -- 8. Engineering, Ethics, and Creativity: N'er the Twain Shall Meet? / David H. Cropley -- 9. Construction or Demolition: Does Problem Construction Influence the Ethicality of Creativity? / Gina Scott Ligon -- 10. Intelligent Decision-Making Technology and Computational Ethics / Anthony Finn -- pt. III What Role Does Ethics Play in Supporting or Thwarting Creativity? -- 11. Creative Transformations of Ethical Challenges / Reuben Hersh -- 12. The Hacker Ethic for Gifted Scientists / Kirsi Tirri -- 13. The Dialogic Witness: New Metaphors of Creative and Ethical Work in Documentary Photography / Helen Haste -- 14. Neglect of Creativity in Education: A Moral Issue / Arthur Cropley -- 15. The Ethical Demands Made on Leaders of Creative Efforts / Seana Moran -- pt. IV Horizons -- An Ethics of Possibility / Seana Moran -- Summary: Creativity and Ethics---Two Golden Eggs / Seana Moran.
=520  \\$a"What effect does creativity have on individuals, groups and societies, and on the fundamental values on which they base their actions and institutions? What constitutes good and evil, right and wrong, and how does creativity disrupt these beliefs? This book brings together an impressive collaboration of thinkers from several countries and disciplines to illuminate the thorny issues that arise when novel ideas and products brought forth by creativity collide with the rules and norms of what we believe to be right or good. This book tackles questions of why most people claim to love creativity yet, in practice, may quash creative intentions, how creative innovations can create new ethical problems, when creativity and ethics tend to coincide and when they tend to conflict, and how both creativity and ethics might be harnessed to support a brighter future for all."--back cover.
=596  \\$a1
=650  \0$aCreative ability$xMoral and ethical aspects.
=650  \0$aEthics.
=700  1\$aMoran, Seana,$d1967-
=700  1\$aCropley, David.
=700  1\$aKaufman, James C.
=583  \\$acat$c20140609$kcjk$5UPB
=583  \\$asr$bYBP$c20140508$5UPB
=926  \\$aLEE$bLEE-LIB$cBJ 1458.3 .E73 2014$dBOOK$f1

