=LDR  04773 gm a2200805Ii 4500
=001  ocn868720039
=003  OCoLC
=005  20180117163037.0
=007  vd\cvaizq
=008  140121p20131944cau105\\\\\\\\\\\\vleng\d
=040  \\$aTEFMT$beng$erda$cTEFMT$dTEF$dOCLCO$dOCLCF$dOCL$dOCLCO$dOCLCA$dUBY
=024  1\$a883316885932
=028  42$a2000093976$bWarner Home Video
=035  \\$a(OCoLC)868720039
=035  \\$a(IMDb)tt0037420
=037  \\$bMidwest Tape$nhttp://www.midwesttapes.com
=046  \\$k1944$2edtf
=245  00$aUp in arms /$cSamuel Goldwyn presents ; directed by Elliot Nugent ; screenplay by Don Hartman, Allen Boretz and Robert Pirosh.
=246  1\$iOn cover:$aDanny Kaye : the Goldwyn years
=257  \\$aUnited States$2naf
=264  \1$aBurbank, CA :$bWarner Home Video,$c[2013]
=264  \4$c©2013
=300  \\$a1 videodisc (105 min.) :$bsound, color ;$c4 3/4 in.
=306  \\$a014500
=336  \\$atwo-dimensional moving image$btdi$2rdacontent
=337  \\$avideo$bv$2rdamedia
=338  \\$avideodisc$bvd$2rdacarrier
=340  \\$aplastic$b4 3/4 in.$dstamping$2rda
=344  \\$adigital$boptical$gmono$hDolby Digital$2rda
=347  \\$avideo file$bDVD video$2rda
=380  \\$aMotion pictures$2lcgft
=490  1\$aWarner archive collection
=538  \\$aDVD;  Dolby Digital mono.
=500  \\$a1.37:1 full screen.
=511  1\$aGoldwyn Girls: Betty Alexander, Gale Amber, Gloria Anderson, Jan Bryant, Alma Carroll, Joan Chaffee, Linda Christian, Virginia Cruzon, Helen Darling, Myrna Dell, Dorothy Gardner, Inna Gest, Renee Godfrey, Ellen Hall, June Harris, Eloise Hart, Mary Ann Hyde, June Lang, Rosalyn Lee, Florence Lundeen, Mickey Maloy, Virginia Mayo, Dorothy Merritt, Lorraine Miller, Mary Moore, Kay Morley, Diana Mumby, Lee Nugent, Dorothy Patrick, Shelby Payne, Helen Talbot, Ruth Valmy, Ricki Van Dusen, Alice Wallace, Virginia Wicks, Audrey Young.
=508  \\$aMusical numbers arranged and conducted by Ray Heindorf ; dances staged and directed by Danny Dare ; musical director, Louis Forbes ; [songs] by Harold Arlen and Ted Koehler, [and] by Sylvia Fine and Max Liebman ; director of photography, Ray Rennahan ; associate producer, Don Hartman ; art direction, Perry Ferguson, Stewart Chaney ; film editors, David Mandell, James Newcom ; technical advisors, Lieut. Eunice C. Hatchitt, Lieut. Richard Day ; narration, Knox Manning.
=500  \\$aOriginally released as a motion picture in 1944.
=500  \\$aOn cover : Samuel Goldwyn classics
=500  \\$aOn label: Danny Kaye the Goldwyn years disc one.
=521  8\$aRating: Not rated.
=520  \\$aWartime musical comedy about a hypochondriac elevator operator who, after being drafted into the Army, becomes a surprise hero. Infatuated with nurse Mary, Danny Weems tries to set up his friend Joe with her friend and fellow nurse Virginia, but Virginia is crazy about Danny and Joe and Mary fall for each other. After all four enter the Army, Danny, Joe, and Virginia discover they are being transported to the South Pacific aboard the same ship. Danny accidentally causes Mary to be smuggled aboard their ship, and spends much of the film trying to keep her hidden from the colonel. When the troops finally land, Danny is thrown in the brig, where Japanese soldiers first kidnap him and then are tricked into capture by Danny. He returns to Virginia and acclaim as a hero.
=583  \\$acat$bd rda LEE-LRC$c20180117$kesc$5UPB
=650  \0$aSoldiers$vDrama.
=650  \0$aHypochondria$vDrama.
=650  \0$aMan-woman relationships$vFiction.
=650  \0$aWorld War, 1939-1945$vDrama.
=650  \0$aCourtship$vDrama.
=655  \7$aComedy films.$2lcgft
=655  \7$aMusical films.$2lcgft
=655  \7$aFeature films.$2lcgft
=655  \7$aFiction films.$2lcgft
=655  \0$aDVDs.
=700  1\$aGoldwyn, Samuel,$d1879-1974,$efilm producer.
=700  1\$aNugent, Elliott,$d1896-1980,$efilm director.
=700  1\$aHartman, Don,$d1900-1958,$escreenwriter.
=700  1\$aBoretz, Allen,$d1900-1986,$escreenwriter.
=700  1\$aPirosh, Robert,$escreenwriter.
=700  1\$aDare, Daniel,$d1905-1996,$echoreographer.
=700  1\$aForbes, Lou,$d1902-1981$emusical director.
=700  1\$aArlen, Harold,$d1905-1986,$ecomposer (expression)     
=700  1\$aKoehler, Ted,$d1894-1973,$elyricist.
=700  1\$aShore, Dinah,$d1917-1994$eactor,$edancer.
=700  1\$aKaye, Danny,$eactor.
=700  1\$aDowling, Constance,$d1923-1969,$eactor.
=700  1\$aAndrews, Dana,$d1909-1992$eactor.
=710  2\$aWarner Home Video (Firm),$efilm distributor.
=730  02$iContains (work):$aUp in arms (Motion picture)
=830  \0$aArchive collection.
=596  \\$a1
=926  \\$aLEE$bMEDIACOL$cPN 1995.9 .C55 U6 2013$dDVD$f1

