=LDR  02794cam a2200409 i 4500
=001  a6148690
=008  130610s2013\\\\at\bbc\\\b\\\\001\0\eng\d
=010  \\$a  2011931486
=020  \\$a9780495915423 (student edition)
=020  \\$a0495915424 (student edition)
=020  \\$a9781111771157
=020  \\$a1111771154
=035  \\$a(OCoLC)ocn847528063
=040  \\$aCOD$beng$erda$cUBY$dDLC$dBTCTA$dYDXCP$dBWX$dFVC$dY@Y$dAU@$dCDX$dOCLCQ$dOCLCA$dUBY
=042  \\$alccopycat
=050  00$aN5300$b.G25 2013
=079  \\$aocn770720293$zocn741539253$zocn773263421$zocn789632093$zocn792898596
=082  04$a709$223
=100  1\$aGardner, Helen,$d1878-1946.
=245  10$aGardner's art through the ages :$ba global history /$cFred S. Kleiner.
=246  30$aArt through the ages
=250  \\$aFourteenth edition
=264  \1$aAustralia ;$aUnited States :$bWadsworth, Cengage Learning,$c2013.
=300  \\$axxix, 1184 pages :$billustrations (some color), color maps, portraits ;$c30 cm
=336  \\$atext$2rdacontent
=336  \\$astill image$2rdacontent
=337  \\$aunmediated$2rdamedia
=338  \\$avolume$2rdacarrier
=504  \\$aIncludes bibliographical references (pages 1103-1121) and index.
=505  0\$aWhat is art history? -- Art before history -- Mesopotamia and Persia -- Egypt under the pharaohs -- The prehistoric Aegean -- Ancient Greece -- The Etruscans -- The Roman Empire -- Late antiquity -- Byzantium -- The Islamic world -- Early medieval Europe -- Romanesque Europe -- Gothic Europe -- Late medieval Italy -- South and Southeast Asia before 1200 -- China and Korea to 1279 -- Japan before 1333 -- Native arts of the Americas before 1300 -- Africa before 1800 -- Late medieval and early Renaissance Northern Europe -- The Renaissance in Quattrocento Italy -- Renaissance and mannerism in Cinquecento Italy -- High Renaissance and mannerism in Northern Europe and Spain -- The baroque in Italy and Spain -- The baroque in Northern Europe -- Rococo to neoclassicism: the 18th century in Europe and America -- Romanticism, realism, photography: Europe and America, 1800 to 1870 -- Impressionism, post-impressionism, symbolism: Europe and America, 1870-1900 -- Modernism in Europe and America, 1900 to 1945 -- Modernism and postmoderism in Europe and America, 1945 to 1980 -- Contemporary art worldwide -- South and Southeast Asia, 1200 to 1980 -- China and Korea, 1279 to 1980 -- Japan, 1336 to 1980 -- Native arts of the Americas, 1300 to 1980 -- Oceania before 1980 -- Africa, 1800 to 1980.
=596  \\$a1
=650  \0$aArt$xHistory.
=700  1\$aKleiner, Fred S.
=583  \\$acat$bd$c20130610$kmpl$5UPB
=926  \\$aLEE$bLEE-LIB$cN 5300 .G25 2013$dBOOK$f1
=926  \\$aLEE$bLEE-LIB$cN 5300 .G25 2013$dBOOK$f2
=926  \\$aLEE$bLEE-LIB$cN 5300 .G25 2013$dBOOK$f3

