=LDR  05412cjm a2200829Ii 4500
=001  a6614278
=003  SIRSI
=005  20151105125610.0
=007  sd\fungnnmmnzd
=008  151105t20122012nyuppnn\\f\\\\\\\\n\eng\d
=024  1\$a071138661128
=028  02$aSSTC06611$bReader's Digest
=028  02$aSSTI06611$bReader's Digest
=028  02$aKCD4-8631$bReader's Digest
=028  02$aKCD4-8632$bReader's Digest
=028  02$aKCD4-8633$bReader's Digest
=028  02$aKCD4-8634$bReader's Digest
=028  02$aSSFLM06611-1$bReader's Digest
=028  02$aSSFLM06611-2$bReader's Digest
=028  02$aSSFLM06611-3$bReader's Digest
=028  02$aSSFLM06611-4$bReader's Digest
=035  \\$a(OCoLC)ocn927697831
=035  \\$aUtOrBLW
=040  \\$aUBY$beng$erda$cUBY$dUtOrBLW
=041  0\$deng$geng
=050  \4$aM1630.18$b.G73 2012 CD
=079  \\$aocn927697725
=245  04$aThe great big band singers.
=264  \1$a[New York, New York] :$bReader's Digest,$c[2012]
=264  \4$c℗2012
=300  \\$a4 audio discs ;$c4 3/4 in.
=336  \\$aperformed music$2rdacontent
=337  \\$aaudio$2rdamedia
=338  \\$aaudio disc$2rdacarrier
=344  \\$adigital$boptical$c1.4 m/s$2rda
=347  \\$aaudio file$bCD audio$2rda
=500  \\$aTitle from disc label.
=546  \\$aSongs sung in English
=500  \\$aLiner notes, with biographical sketches of performers in English (23 pages : portraits) inserted in container.
=511  0\$aDoris Day ; Helen Forrest ; Merv Griffan ; Frank Sinatra ; Dick Haymes ; Peggy Lee ; Bob Eberly ; Ray Eberle ; Julie London ; June Christy ; Jo Stafford ; Eddy Howard ; Key Starr ; Johnny Desmond ; Helen O'Connell ; Dinah Shore ; Ray McKinley ; Kenny Gardner ; Nancy Norman ; Johnny Williams ; Liza Morrow ; Tony Martin with accompanying musicians.
=505  0\$aDisc 1: Doris Day: Sentimental journey ; I can't help it ; A kiss to remember ; Invitation to the blues -- Helen Forrest: They say ; Between a kiss and a sigh ; Deep in a dream ; You go to my head ; I'll be with you in apple blossom time -- Merv Griffan: Hello young lovers ; I hear a rhapsody ; I'll remember April ; Eternally ; Betwitched -- Frank Sinatra: All or nothing at all ; Stardust ; If I didn't care ; Moon love ; My buddy.
=505  0\$aDisc 2: Dick Haymes: You'll never know ; These foolish things ; How high the moon ; When you wish upon a star ; When the swallows come back to Capistrano -- Peggy Lee: What is this thing called love? ; Oh, what a beautiful mornin' ; I've got the world on a string ; Just one of those things ; I've got a right to sing the blues -- Bob Eberly & Ray Eberle: Fools rush in ; Blueberry hill ; All the things you are ; Moonlight serenade ; That old black magic -- Julie London & June Christy: September in the rain ; Get happy ; It don't mean a thing (if it ain't got that swing) ; Willow weep for me ; On the sunny side of the street.
=505  0\$aDisc 3: Jo Stafford: Somewhere, my love (Lara's theme from Doctor Zhivago) ; You belong to me ; I'll be seeing you ; Over the rainbow ; As time goes by -- Eddy Howard: Harbor lights ; I've got a pocketful of dreams ; To each his own ; Singin' in the rain ; You must ahve been a beautiful baby -- Key Starr: You always hurt the one you love ; I only have eyes for you ; What a diff'rence a day made ; I've got my love to keep me warm ; Ain't misbehavin' -- Johnny Desmond: Speak low ; Laura ; Along the Santa Fe trail ; A lovely way to spend an evening ; Goodnight wherever you are.
=505  0\$aDisc 4: Helen O'Connell & Dinah Shore: I'm stepping out wiht a memory tonight ; I remember you ; Embraceable you ; The nearness of you ; All I do is dream of you -- Ray McKinley: Chattanooga choo choo ; They'll be a hot time in the town of Berlin ; And her tears flowed like wine ; Beat me daddy, eight to the bar ; Cow-cow boogie -- Kenny Gardner: I'll walk alone ; Nevertheless ; Music! Music! Music! ; Beale Street blues ; I love you -- Nancy Norman, Johnny Williams, Liza Morrow & Tony Martin: Saturday night is the loneliest night of the week ; I can't begin to tell you ; It's only a paper moon -- Who's sorry now? ; Dearly beloved.
=596  \\$a7
=655  \0$aBig band music.
=655  \7$aPopular music.$2lcgft
=655  \7$aSound recordings.$2lcgft
=700  1\$aDay, Doris,$d1922-2019$evocalist.
=700  1\$aForrest, Helen$evocalist.
=700  1\$aGriffin, Merv,$d1925-2007$evocalist.
=700  1\$aSinatra, Frank,$d1915-1998,$evocalist.
=700  1\$aHaymes, Dick$evocalist.
=700  1\$aLee, Peggy,$d1920-2002$evocalist.
=700  1\$aEberly, Bob$evocalist.
=700  1\$aEberle, Ray$evocalist.
=700  1\$aLondon, Julie,$d1926-2000$evocalist.
=700  1\$aChristy, June,$d1925-1990,$evocalist.
=700  1\$aStafford, Jo,$evocalist.
=700  1\$aHoward, Eddy,$d1914-1963,$evocalist.
=700  1\$aStarr, Kay$evocalist.
=700  1\$aDesmond, Johnny,$evocalist.
=700  1\$aO'Connell, Helen,$evocalist.
=700  1\$aShore, Dinah,$d1917-1994$evocalist.
=700  1\$aMcKinley, Ray$evocalist.
=700  1\$aGardner, Kenny,$evocalist.
=700  1\$aNorman, Nancy,$evocalist.
=700  1\$aWilliams, Johnny,$d1906-2006$evocalist.
=700  1\$aMorrow, Liza$evocalist.
=700  1\$aMartin, Tony,$d1913-2012,$evocalist.
=583  \\$acat$bc:o:cd:rda$c20151105$kdkj$5UPB
=926  \\$aMUSIC$bMUSIC-DESK$cM 1630.18 .G725 2012 CD$dCD$f1

