=LDR  02571cam a2200397 i 4500
=001  a6123473
=003  SIRSI
=005  20130808185234.0
=008  130808s2012\\\\nyua\\\\\b\\\\000\0beng\\
=010  \\$a  2012009144
=020  \\$a9780374298975 (hardback)
=020  \\$a0374298971 (hardback)
=035  \\$a(OCoLC)ocn855286048
=040  \\$aDLC$beng$erda$cUBY$dYDX$dBTCTA$dBDX$dVKC$dYDXCP$dOCLCO$dIK2$dCDX$dTLE$dBWX$dNIU$dABG$dHVC$dCOO$dILC$dOCLCO$dOKS$dYUS$dUBY
=042  \\$apcc
=043  \\$an-us---
=050  00$aPS3523.E55$bZ73 2012
=079  \\$aocn778421872$zocn820011288$zocn824937758$zocn826122876
=082  00$a813/.54$aB$223
=245  00$aListening for Madeleine :$ba portrait of Madeleine L'Engle in many voices /$cedited by Leonard S. Marcus.
=250  \\$aFirst edition.
=260  \\$aNew York :$bFarrar, Straus and Giroux,$c2012.
=300  \\$axi, 363 pages :$billustrations ;$c22 cm
=336  \\$atext$2rdacontent
=337  \\$aunmediated$2rdamedia
=338  \\$avolume$2rdacarrier
=520  \\$a"A book of interviews with people who knew Madeleine L'Engle, author of the children's classic A wrinkle in time, in the many facets of her life"--$cProvided by publisher.
=504  \\$aIncludes bibliographical references.
=505  0\$aMadeleine in the making. Mary "Sister" L'Engle Avent ; Nancy Bruce ; Lee Kingman ; Gay Jordan ; Katharine Weber -- Writer. James Cross Giblin ; Carmen Gomezplata ; George M. Nicholson ; Sidney Offit ; Patricia Lee Gauch ; Bridget Marmion ; Marcie Imberman ; Sandra Jordan ; Beverly Horowitz ; Neal Porter ; Stephen Roxburgh ; Catherine Hand ; Judy Blume ; Helen Stephenson ; Mary Pope Osborne ; Thomas Banchoff -- Matriarch. Gretchen Gubelman ; Frederica Brenneman ; Josephine Jones ; Alan Jones ; Léna Roy ; Charlotte Jones Voiklis -- Mentor. William Alexander Johnson ; James Parks Morton ; Peter Glassman ; T.A. Barron ; Trish Marx ; Don Lundquist ; Elsa Okon Rael -- Friend. Dana Catharine ; Luci Shaw ; Barbara Braver ; Mira Rothenberg ; Thomas Cahill ; Susan Buckley ; James VanOosting -- Icon. Wendy Lamb ; Colby Rodowsky ; Christine A. Jenkins ; Gardner McFall ; Jane Yolen ; Paul Moravec ; Amy Kellman ; Betsy Hearne ; Henry Rinehart ; Cynthia Zarin.
=596  \\$a1
=600  10$aL'Engle, Madeleine$xFriends and associates.
=650  \0$aAuthors, American$y20th century$vBiography.
=650  \0$aWomen authors, American$vBiography.
=700  1\$aMarcus, Leonard S.,$d1950-$eeditor.
=583  \\$acat$bd rda auth1 upd juvstacks$c20130807$kjhs$5UPB
=926  \\$aLEE$bJUV$c928.1 L547m 2012$dJUV-BOOK$f1

