=LDR  08270cac a2200973Ii 4500
=001  a5548145
=003  SIRSI
=005  20120815161943.0
=008  120815s2012\\\\utu\\\\\\\\\\\000\0\eng\d
=035  \\$a(OCoLC)ocn806243097
=040  \\$aUBY$beng$erda$cUBY$dUBY
=050  \4$aZ232$b.T783 2012
=079  \\$aocn806246733
=245  00$a[Printing ephemera of Tryst Press for the year 2012].
=264  \1$a[Provo, Utah] :$b[Tryst Press],$c[2012]
=300  \\$a< 56> pieces.
=336  \\$astill image$2rdacontent
=337  \\$aunmediated$2rdamedia
=338  \\$asheet$2rdacarrier
=500  \\$aA loose collection of <56> pieces of printing ephemera and pamphlets from Rob Buchert and the Tryst Press for the year 2012.
=500  \\$aCollective title supplied by BYU. Individual items are available by the number listed in the contents note.
=505  0\$a[1] [oversize] Sheaves / B. Kershisnik [woodcut print; 2 copies, 1 printed in black ink, the other in gold ink] -- [2] Help yourself to happiness / by Helen Steiner Rice ; art by Jenni Christensen [broadside] -- [3] [Four cards with prints by Val Paul Taylor] -- [4] Her Majesty / Martin Berkeley Hickman [broadside]  -- [5] Doterra International cordially ilnvites you and a guest to the Groundbreaking Ceremony [invitation] -- [6] Riverton Legacy Home open house [invitation] -- [7] Assorted holiday cards from Mint Design [cards] -- [7] ADP Advanced MD [embossed card] -- [8] Livia Lubell [birth announcement] -- [10] Valentino Joseph Coady [birth announcement] -- [11] Truman Axel Wiley [birth announcement] -- [12] Diana Petroff Butensky [stationery] -- [13] Duke's second birthday [invitation] -- [14] Sloane Dorothy Housel [birth announcement] -- [15] Wadsworth Modern [business cards] -- [16] tippingpress [business card] -- [17] Amanda Hill [business card] -- [18] Antiques Gallery at Cats Cradle [business card] -- [19] Yukon Construction [business cards] - [20] Drafthouse [business cards] -- [21] Shades of Green Landscape Architecture [business cards] -- [22] Kurt & Rebecca Knudsen [business card] -- [23] Noam Temkin [uncut sheet of business cards] -- [24] Letterpress print of a fish [card] -- [25] Mark Mena, Frank Divenuto [wedding set] -- [26] Shauna Mayer [bridal shower invitation] -- [27] Brogan Aelex Closs & Russell Scott Hene [wedding set] -- [28] Preston Frank Blair & Rachel Marie Fiddler; Ambler Blair & Isaac Gardner Blackhurst [wedding set] -- [29] Damaris & Eric [wedding set] -- [30] Lane Gardner & Nicole Ostler [wedding set] -- [31] Elesse Sorbonne & Nathan Crosland Balli [wedding set] -- [32] Kara Marie Maile Scholer & Reed Matthew Stout [wedding set] -- [33] Amy Ellen Killenhouse Coxson & Christopher Scott Percy [wedding set] -- [34] Kim & Rob [wedding set] -- [35] Amanda Catano & Jason Dorais [wedding set] -- [36] Lucy Williams & Robbie Smoot [wedding set] -- [37] Heidi Alene Carmack & Christopher Scott Pfaffroth [wedding set] -- [38] Krisanne Hastings & Jacob Bradford Knudsen [wedding set] -- [39] Joni Tuttle & Jared McDonald [wedding set] -- [40] Allison Pinegar & Thomas Buscio [wedding set] -- [41] Cambri Christensen & Eric Michael Visser [wedding set] -- [41] Tiffany Wallace & Brian Turley [wedding set] -- [43] Katarzyna Dryja & Justin Murphy [wedding set] -- [44] Hanna Jayne Hillam & Sean Marco Juarez [wedding set] -- [45] Carrie Stringfellow & Courtney Tuttle [wedding set] -- [46] Chistopher Scott Libutti & Joanna Stinson [wedding set] -- [47] Sarah Elizabeth Fairweather & Alec Keith Myres [wedding set] -- [48] Carrie Suzanne Eastman & Aaron Conrad Felix [wedding set] -- [49] Kortney Alyssa Cooper & Lee Joseph Dowell [wedding set] -- [50] Brittney Horman & Christoffer Kelly Perry [wedding set] -- [51] Shauna & Nate [stationery] -- [52] 1055 South 540 West, Lehi, Utah [envelope] -- [53] Unidentified invitation to a sealing in the Rexburg Temple with lunch invitation at the Hardy Residence [card] -- [54] Winzenried ... Cody, Wyoming [envelope] -- [55] Department of Visual Arts, Brigham Young University [envelope] -- [56] [oversize] My family tree [sheet, with spaces for photographs]
=596  \\$a9
=655  \0$aPrinted ephemera$zUtah.
=700  1\$aBuchert, Robert,$d1965-$eprinter.
=710  2\$aTryst Press$eprinter.
=583  \\$acat$bo rare presses$c20120815$krlm$5UPB
=926  \\$aSPEC-COLL$bRARE-F$cZ 232 .T783 2012 no.1$dPRESSES$f1
=926  \\$aSPEC-COLL$bRARE-F$cZ 232 .T783 2012 no.1$dPRESSES$f2
=926  \\$aSPEC-COLL$bRARE-Q$cZ 232 .T783 2012 no.2$dPRESSES$f1
=926  \\$aSPEC-COLL$bRARE-Q$cZ 232 .T783 2012 no.3$dPRESSES$f1
=926  \\$aSPEC-COLL$bRARE-Q$cZ 232 .T783 2012 no.4$dPRESSES$f1
=926  \\$aSPEC-COLL$bRARE-Q$cZ 232 .T783 2012 no.5$dPRESSES$f1
=926  \\$aSPEC-COLL$bRARE-Q$cZ 232 .T783 2012 no.6$dPRESSES$f1
=926  \\$aSPEC-COLL$bRARE-Q$cZ 232 .T783 2012 no.7$dPRESSES$f1
=926  \\$aSPEC-COLL$bRARE-Q$cZ 232 .T783 2012 no.8$dPRESSES$f1
=926  \\$aSPEC-COLL$bRARE-Q$cZ 232 .T783 2012 no.9$dPRESSES$f1
=926  \\$aSPEC-COLL$bRARE-Q$cZ 232 .T783 2012 no.10$dPRESSES$f1
=926  \\$aSPEC-COLL$bRARE-Q$cZ 232 .T783 2012 no.11$dPRESSES$f1
=926  \\$aSPEC-COLL$bRARE-Q$cZ 232 .T783 2012 no.12$dPRESSES$f1
=926  \\$aSPEC-COLL$bRARE-Q$cZ 232 .T783 2012 no.13$dPRESSES$f1
=926  \\$aSPEC-COLL$bRARE-Q$cZ 232 .T783 2012 no.14$dPRESSES$f1
=926  \\$aSPEC-COLL$bRARE-Q$cZ 232 .T783 2012 no.15$dPRESSES$f1
=926  \\$aSPEC-COLL$bRARE-Q$cZ 232 .T783 2012 no.16$dPRESSES$f1
=926  \\$aSPEC-COLL$bRARE-Q$cZ 232 .T783 2012 no.17$dPRESSES$f1
=926  \\$aSPEC-COLL$bRARE-Q$cZ 232 .T783 2012 no.18$dPRESSES$f1
=926  \\$aSPEC-COLL$bRARE-Q$cZ 232 .T783 2012 no.19$dPRESSES$f1
=926  \\$aSPEC-COLL$bRARE-Q$cZ 232 .T783 2012 no.20$dPRESSES$f1
=926  \\$aSPEC-COLL$bRARE-Q$cZ 232 .T783 2012 no.21$dPRESSES$f1
=926  \\$aSPEC-COLL$bRARE-Q$cZ 232 .T783 2012 no.22$dPRESSES$f1
=926  \\$aSPEC-COLL$bRARE-Q$cZ 232 .T783 2012 no.23$dPRESSES$f1
=926  \\$aSPEC-COLL$bRARE-Q$cZ 232 .T783 2012 no.24$dPRESSES$f1
=926  \\$aSPEC-COLL$bRARE-Q$cZ 232 .T783 2012 no.25$dPRESSES$f1
=926  \\$aSPEC-COLL$bRARE-Q$cZ 232 .T783 2012 no.26$dPRESSES$f1
=926  \\$aSPEC-COLL$bRARE-Q$cZ 232 .T783 2012 no.27$dPRESSES$f1
=926  \\$aSPEC-COLL$bRARE-Q$cZ 232 .T783 2012 no.28$dPRESSES$f1
=926  \\$aSPEC-COLL$bRARE-Q$cZ 232 .T783 2012 no.29$dPRESSES$f1
=926  \\$aSPEC-COLL$bRARE-Q$cZ 232 .T783 2012 no.30$dPRESSES$f1
=926  \\$aSPEC-COLL$bRARE-Q$cZ 232 .T783 2012 no.31$dPRESSES$f1
=926  \\$aSPEC-COLL$bRARE-Q$cZ 232 .T783 2012 no.32$dPRESSES$f1
=926  \\$aSPEC-COLL$bRARE-Q$cZ 232 .T783 2012 no.33$dPRESSES$f1
=926  \\$aSPEC-COLL$bRARE-Q$cZ 232 .T783 2012 no.34$dPRESSES$f1
=926  \\$aSPEC-COLL$bRARE-Q$cZ 232 .T783 2012 no.35$dPRESSES$f1
=926  \\$aSPEC-COLL$bRARE-Q$cZ 232 .T783 2012 no.36$dPRESSES$f1
=926  \\$aSPEC-COLL$bRARE-Q$cZ 232 .T783 2012 no.37$dPRESSES$f1
=926  \\$aSPEC-COLL$bRARE-Q$cZ 232 .T783 2012 no.38$dPRESSES$f1
=926  \\$aSPEC-COLL$bRARE-Q$cZ 232 .T783 2012 no.39$dPRESSES$f1
=926  \\$aSPEC-COLL$bRARE-Q$cZ 232 .T783 2012 no.40$dPRESSES$f1
=926  \\$aSPEC-COLL$bRARE-Q$cZ 232 .T783 2012 no.41$dPRESSES$f1
=926  \\$aSPEC-COLL$bRARE-Q$cZ 232 .T783 2012 no.42$dPRESSES$f1
=926  \\$aSPEC-COLL$bRARE-Q$cZ 232 .T783 2012 no.43$dPRESSES$f1
=926  \\$aSPEC-COLL$bRARE-Q$cZ 232 .T783 2012 no.44$dPRESSES$f1
=926  \\$aSPEC-COLL$bRARE-Q$cZ 232 .T783 2012 no.45$dPRESSES$f1
=926  \\$aSPEC-COLL$bRARE-Q$cZ 232 .T783 2012 no.46$dPRESSES$f1
=926  \\$aSPEC-COLL$bRARE-Q$cZ 232 .T783 2012 no.47$dPRESSES$f1
=926  \\$aSPEC-COLL$bRARE-Q$cZ 232 .T783 2012 no.48$dPRESSES$f1
=926  \\$aSPEC-COLL$bRARE-Q$cZ 232 .T783 2012 no.49$dPRESSES$f1
=926  \\$aSPEC-COLL$bRARE-Q$cZ 232 .T783 2012 no.50$dPRESSES$f1
=926  \\$aSPEC-COLL$bRARE-Q$cZ 232 .T783 2012 no.51$dPRESSES$f1
=926  \\$aSPEC-COLL$bRARE-Q$cZ 232 .T783 2012 no.52$dPRESSES$f1
=926  \\$aSPEC-COLL$bRARE-Q$cZ 232 .T783 2012 no.53$dPRESSES$f1
=926  \\$aSPEC-COLL$bRARE-Q$cZ 232 .T783 2012 no.54$dPRESSES$f1
=926  \\$aSPEC-COLL$bRARE-Q$cZ 232 .T783 2012 no.55$dPRESSES$f1
=926  \\$aSPEC-COLL$bRARE-F$cZ 232 .T783 2012 no.56$dPRESSES$f1

