=LDR  02848cam a2200493 a 4500
=001  a5025081
=003  SIRSI
=008  090706s2011\\\\mauabc\\\b\\\\001\0\eng\d
=010  \\$a  2009932089
=020  \\$a9780495799863 (hbk,)
=020  \\$a0495799866 (hbk.)
=020  \\$a9781439085783 (v. 1 : pbk.)
=020  \\$a1439085781 (v. 1 : pbk.)
=020  \\$a9781439085813 (v. 2 : pbk.)
=020  \\$a1439085811 (v. 2 : pbk.)
=020  \\$a9781439085790
=020  \\$a143908579X
=035  \\$a(OCoLC)ocn647197022$z(OCoLC)419860969$z(OCoLC)419861022$z(OCoLC)499120864$z(OCoLC)642203861
=035  \\$a(OCoLC)ocn732341709
=040  \\$aOUB$beng$cOUB$dDLC$dJYJ$dBTCTA$dGK8$dNYP$dUPB
=042  \\$alccopycat
=050  00$aN5300$b.G25 2011
=079  \\$aocn647197022
=082  00$a709$222
=100  1\$aGardner, Helen,$d1878-1946.
=245  10$aGardner's art through the ages :$ba global history /$cFred S. Kleiner.
=246  30$aArt through the ages
=250  \\$aEnhanced 13th ed.
=260  \\$aAustralia ;$aUnited States :$bWadsworth, Cengage Learning,$c[2011], ©2011.
=300  \\$axiv, 1088 pages :$billustrations (some col.), color maps, portraits :$c30 cm +$eonline artstudy printed access card
=336  \\$atext$btxt$2rdacontent
=337  \\$aunmediated$bn$2rdamedia
=338  \\$avolume$bnc$2rdacarrier
=500  \\$aLC copy imperfect: online art study printed access card wanting.$5DLC
=504  \\$aIncludes bibliographical references (p. 1046-1058) and index.
=505  0\$aIntroduction. What is art history? -- Art before history -- The ancient Near East -- Egypt under the Pharaohs -- The Prehistoric Aegean -- Ancient Greece. -- South and Southeast Asia before 1200 -- China and Korea to 1279 -- Japan before 1333 -- The Etruscans -- The Roman Empire -- Late Antiquity -- Byzantium -- The Islamic World -- Native arts of the Americas before 1300 -- Africa before 1800 -- Early Medieval Europe -- Romanesque Europe -- Gothic Europe -- Italy, 1200 to 1400 -- Northern Europe, 1400 to 1500 -- Italy, 1400 to 1500 -- Italy, 1500 to 1600 -- Northern Europe and Spain, 1500 to 1600 -- Italy and Spain, 1600 to 1700 -- Northern Europe, 1600 to 1700 -- South and Southeast Asia after 1200 -- China and Korea after 1279 -- Japan after 1336 -- Europe and America, 1700 to 1800 -- Europe and America, 1800 to 1870 -- Europe and America, 1870 to 1900 -- Native arts of the Americas after 1300 -- Oceania -- Africa after 1800 -- Europe and America 1900 to 1945 -- Europe and America after 1945.
=596  \\$a1 12
=650  \0$aArt$xHistory.
=700  1\$aKleiner, Fred S.
=583  \\$acat$c20110615$krsb$5UPB
=583  \\$acat$bLDSBC$c20120905$kjth/cjk$5UPB
=926  \\$aLEE$bLEE-LIB$cN 5300 .G25 2011$dBOOK$f1
=926  \\$aLEE$bLEE-LIB$cN 5300 .G25 2011$dBOOK$f2
=926  \\$aLDSBC$bLDSBC-REF$cN 5300 .G25 2011$dREF-BOOK$f1

