=LDR  02801cam a2200445 a 4500
=001  a4904320
=003  SIRSI
=005  20101209060153.0
=008  100503s2011\\\\nyub\\\\\b\\\\001\0\eng\\
=010  \\$a  2010018853
=020  \\$a9780231134804 (cloth : alk. paper)
=020  \\$a0231134800 (cloth : alk. paper)
=020  \\$a9780231509329 (e-book)
=020  \\$a0231509324 (e-book)
=035  \\$a(OCoLC)ocn612962918
=035  \\$aUtOrBLW
=035  \\$a(OCoLC)ocn703693247
=040  \\$aDLC$cDLC$dYDX$dYDXCP
=043  \\$aa-vt---$an-us---
=050  00$aDS557.7$b.C64 2011
=079  \\$aocn612962918
=082  00$a959.704/3$222
=245  04$aThe Columbia history of the Vietnam War /$cedited, with an introduction, by David L. Anderson.
=260  \\$aNew York :$bColumbia University Press,$c©2011.
=300  \\$axiv, 462 p. :$bmaps ;$c24 cm.
=336  \\$atext$2rdacontent
=337  \\$aunmediated$2rdamedia
=338  \\$avolume$2rdacarrier
=504  \\$aIncludes bibliographical references and index.
=505  0\$aIntroduction: The Vietnam War and its enduring historical relevance / David L. Anderson -- pt. 1. Chronological perspectives -- Setting the stage : Vietnamese revolutionary nationalism and the first Vietnam War / Mark Philip Bradley -- "Dealing with a government of madmen" : Eisenhower, Kennedy, and Ngo Dinh Diem / Richard H. Immerman -- South Vietnam under siege, 1961-1965 : Kennedy, Johnson, and the question of escalation or disengagement / Gary R. Hess -- Lyndon Johnson and the bombing of Vietnam : politics and military choices / Lloyd C. Gardner -- Turning point : the Vietnam War's pivotal year, November 1967-November 1968 / Robert J. McMahon -- Richard M. Nixon and the Vietnam War : the paradox of disengagement with escalation / Jeffrey P. Kimball -- pt. 2. Topical perspectives -- American strategy in the Vietnam War / John Prados -- The village war in Vietnam, 1965-1973 / Eric Bergerud -- Fighting for family : Vietnamese women and the American war / Helen E. Anderson -- Vietnamese society at war / Robert K. Brigham -- "Hey, hey, LBJ!" : American domestic politics and the Vietnam War / Melvin Small -- Cambodia and Laos in the Vietnam War / Kenton Clymer -- pt. 3. Postwar perspectives -- The legacy of the Vietnam War / Robert D. Schulzinger -- The Vietnam syndrome / George C. Herring.
=596  \\$a1
=650  \0$aVietnam War, 1961-1975.
=650  \0$aVietnam War, 1961-1975$xInfluence.
=650  \0$aVietnam War, 1961-1975$xSocial aspects.
=650  \0$aVietnam War, 1961-1975$xPolitical aspects$zUnited States.
=700  1\$aAnderson, David L.,$d1946-
=583  \\$asr$bYBP$c20110203$5UPB
=583  \\$acat$c20110215$kasg/mpl$5UPB
=945  \\$aLeslie Webb;$bTerry Folk;$d8/19/2011
=926  \\$aLEE$bLEE-LIB$cDS 557.7 .C64 2011$dBOOK$f1

