=LDR  01192cam a2200349 a 4500
=001  a5553286
=003  SIRSI
=008  080828s2010\\\\at\abe\\\b\\\\001\0\eng\d
=010  \\$a  2008936366
=020  \\$a9780495573555
=020  \\$a0495573558
=035  \\$a(OCoLC)ocn428823283
=040  \\$aORU$beng$cORU$dDLC$dVDN$dUPB
=042  \\$alccopycat
=050  00$aN5300$b.G252 2010b
=082  00$a709$222
=100  1\$aGardner, Helen,$d1878-1946.
=240  10$aArt through the ages.
=245  10$aGardner's art through the ages :$bthe western perspective /$cFred S. Kleiner.
=246  30$aArt through the ages
=250  \\$aThirteenth edition.
=260  \\$aAustralia ;$aUnited States :$bWadsworth/Cengage Learning,$c[2010], ©2010.
=300  \\$axxxi, 848 pages :$billustrations (some color), color maps, plans ;$c30 cm.
=336  \\$atext$btxt$2rdacontent
=337  \\$aunmediated$bn$2rdamedia
=338  \\$avolume$bnc$2rdacarrier
=504  \\$aIncludes bibliographical references (p. 818-829) and index.
=596  \\$a12
=650  \0$aArt$xHistory.
=700  1\$aKleiner, Fred S.
=583  \\$acat$bLDSBC$c20120913$kjth/cjk$5UPB
=926  \\$aLDSBC$bLDSBC-REF$cN 5300 .G252 2010$dREF-BOOK$f1

