=LDR  03046cam a22003854a 4500
=001  a4732213
=003  SIRSI
=005  20100628100104.7
=008  090224s2010\\\\stka\\\\\b\\\\001\0\eng\\
=010  \\$a  2009008312
=020  \\$a9780702030628 (alk. paper)
=020  \\$a0702030627 (alk. paper)
=035  \\$a(OCoLC)ocn312625369
=035  \\$a(OCoLC)ocn667098823
=040  \\$aDNLM/DLC$cDLC$dYDX$dNLM$dYDXCP$dCDX$dUKM$dEUM
=042  \\$apcc
=050  00$aRD99$b.N874 2010
=060  10$aWY 161$bN9745 2010
=079  \\$aocn312625369
=082  00$a617/.0231$222
=245  00$aNursing the surgical patient /$cedited by Rosemary Pudner ; illustrations by Ian Ramsden.
=250  \\$a3rd ed.
=260  \\$aEdinburgh ;$aNew York :$bBaillière Tindall,$c2010.
=300  \\$axxv, 593 p. :$bill. ;$c25 cm.
=336  \\$atext$2rdacontent
=337  \\$aunmediated$2rdamedia
=338  \\$avolume$2rdacarrier
=504  \\$aIncludes bibliographical references and index.
=505  0\$aPreoperative assessment / Melanie Oakley and Joanne Bratchell -- Perioperative care / Diane Gilmour -- Day surgery / Melanie Oakley -- Perioperative stress and anxiety in the surgical patient / Melanie Oakley and Rosie Pudner -- Wound healing in the surgical patient / Rosie Pudner -- Nutrition and the surgical patient / Helen Ord and Melanie Baker -- Altered body image and the surgical patient / Adele Atkinson and Rosie Pudner -- Concepts of pain and the surgical patient / Sharon Kitcatt -- Discharge planning following surgery / Rosie Castle and Teresa Rooney-Kaymakci -- Patients requiring neurosurgery / Christine Eberhardie -- Patients requiring ophthalmic surgery / Brigid Knight, Suzanne Hart -- Patients requiring surgery to the ear, nose, and throat / Julie Wain -- Patients requiring thyroid surgery / Rosie Pudner -- Care of the patient requiring cardiac interventions and surgery / Christine Spiers, Kevin Barrett -- Care of patients requiring vascular surgery / Emma Gardner -- Patients requiring upper gastrointestinal surgery / Melanie Seymour ; with a contribution by Nuala Davison -- Patients requiring colorectal surgery / Stephanie Woodward -- Patients requiring surgery on the renal and urinary tract / Janice Minter -- Patients requiring surgery on the male reproductive system / Aoife Donoghue -- Patients requiring gynaecological surgery / Jacky Cotton -- Patients requiring breast surgery / Elisabeth Grimsey -- Care of patients requiring vascular surgery / Shelagh Murray Hall -- Patients requiring orthopaedic surgery / Nicola L. Whiteing -- Patients requiring plastic surgery / Adele Atkinson, Mary Smith.
=520  8\$aThis text takes a comprehensive, patient-centred approach to the nursing care of patients requiring a wide variety of surgical procedures. It offers readers case studies and care plans from which to build their knowledge of surgical care.
=596  \\$a1
=650  \0$aSurgical nursing.
=700  1\$aPudner, Rosemary.
=583  \\$acat$c20100923$kajch/mpl$5UP
=926  \\$aLEE$bLEE-LIB$cRD 99 .N874 2010$dBOOK$f1

