=LDR  02764cam a2200433 a 4500
=001  a4296883
=003  SIRSI
=005  20091210131241.0
=008  090707s2009\\\\enk\\\\\\bq\\\001\0\eng\d
=020  \\$a1844651843 (bound)
=020  \\$a9781844651849 (bound)
=020  \\$a9781844651856 (pbk.)
=020  \\$a1844651851 (pbk.)
=035  \\$a(OCoLC)ocn422876557
=035  \\$aUtOrBLW
=035  \\$a(OCoLC)ocn556271131
=040  \\$aYDXCP$cYDXCP$dBWK$dWTU$dUPB$dUtOrBLW
=050  \4$aPN1995$b.F4674 2009
=079  \\$aocn422876557
=082  0\$a808.823
=245  00$aFilm, theory and philosophy :$bthe key thinkers /$cedited by Felicity Colman.
=260  \\$aDurham :$bAcumen,$c2009.
=300  \\$axi, 404 p. ;$c25 cm.
=336  \\$atext$2rdacontent
=337  \\$aunmediated$2rdamedia
=338  \\$avolume$2rdacarrier
=504  \\$aIncludes bibliographical references (p. 365-389) and index.
=504  \\$aFilmography: p. 359-364.
=505  0\$aIntroduction: What is film-philosophy? / Felicity Colman -- I. What is Cinema? 1. Hugo Munsterberg / Robert Sinnerbrink -- 2. Vilem Flusser / Adrian Martin -- 3. Siegfried Kracauer / Drehli Robnik -- 4. Theodor Adorno / Julie Kuhlken -- 5. Antonin Artaud / Anna Powell -- 6. Henri Bergson / Dorothea Olkowski -- 7. Maurice Merleau-Ponty / Helen A. Fielding -- 8. Emmanuel Levinas / Sarah Cooper -- 9. Andre Bazin / Hunter Vaughan -- 10. Roland Barthes / Colin Gardner -- II. Politics of the cinematic century -- 11. Serge Daney / Garin Dowd -- 12. Jean Luc Godard / Zsuzsa Baross -- 13. Stanley Cavell / Rex Butler -- 14. Jean-Luc Nancy / Claire Colebrook -- 15. Jacques Derrida / Louise Burchill -- 16. Gilles Deleuze / John Mullarkey -- 17. Sarah Kofman / Tom Conley -- 18. Paul Virilio / Felicity Colman -- 19. Jean Baudrillard / Catherine Constable -- 20. Jean-Francois Lyotard / Lisa Trahair -- 21. Fredric Jameson / Scott Durham -- 22. Felix Guattari / Gary Genosko -- III. Cinematic Nature -- 23. Raymond Bellour / Michael Goddard -- 24. Christian Metz / Richard Rushton -- 25. Julia Kristeva / Patricia MacCormack -- 26. Laura Mulvey / David Sorfa -- 27. Homi K. Bhabha / Patricia Pisters -- 28. Slavoj Zizek / Laurence Simmons -- 29. Stephen Heath / Fred Botting -- 30. Alain Badiou / Stephen Zepke -- 31. Jacques Ranciere / Sudeep Dasgupta -- 32 Giorgio Agamben / Christian McCrea.
=596  \\$a1
=650  \0$aMotion pictures$xPhilosophy.
=650  \0$aPhilosophy in motion pictures.
=650  \0$aPhilosophy, European$y20th century.
=650  \0$aPhilosophers$zEurope$y20th century.
=700  1\$aColman, Felicity,$d1967-
=938  \\$aYBP Library Services$bYANK$n100523179
=994  \\$aZ0$bUBY
=583  \\$acat$c20100309$krsb$5UPB
=926  \\$aLEE$bLEE-LIB$cPN 1995 .F4674x 2009$dBOOK$f1

