=LDR  03894cam a22003974a 4500
=001  a4177640
=003  SIRSI
=005  20090120123225.2
=008  080318s2009\\\\njua\\\\\b\\\\001\0\eng\\
=010  \\$a  2008011988
=020  \\$a9780470386453 (cloth)
=020  \\$a0470386452 (cloth)
=035  \\$a(OCoLC)ocn214322698
=035  \\$aUtOrBLW
=035  \\$a(OCoLC)ocn373868054
=040  \\$aDLC$cDLC$dBTCTA$dBAKER$dOCLCG$dC#P$dCDX$dBWX$dUtOrBLW
=050  00$aHQ774$b.N43 2009
=079  \\$aocn214322698
=082  00$a305.232$222
=245  04$aThe newborn as a person :$benabling healthy infant development worldwide /$cedited by J. Kevin Nugent, Bonnie J. Petrauskas, T. Berry Brazelton.
=260  \\$aHoboken, N.J. :$bWiley,$c©2009.
=300  \\$axxi, 310 p. :$bill. ;$c25 cm.
=336  \\$atext$2rdacontent
=337  \\$aunmediated$2rdamedia
=338  \\$avolume$2rdacarrier
=504  \\$aIncludes bibliographical references and index.
=505  0\$aThe discovery of the human newborn : a brief history / J. Kevin Nugent -- Predicting development for extremely low birth weight infants : Sweden / Karin Stjernqvist -- The effects of newborn massage : United States / Tiffany Field -- Perinatal factors influencing development : Spain / Carme Costas-Moragas -- Supporting parents of at-risk infants : Japan / Shohei Ohgi and Tomitaro Akiyama -- The cultural context of the mother-infant relationship : Korea / Yeonghee Shin and Byunghi Park -- Moments of meeting : pivotal moments in mother, infant, father bonding : Switzerland / Nadia Bruschweiler-Stern -- The developmental niche of the newborn in rural Kenya / Charles M. Super and Sara Harkness -- Early intervention and fatherhood : Denmark / Hanne Munck -- A model for working in community health settings : United Kingdom / Joanna Hawthorne and Betty Hutchon -- Using the newborn behavioral observations (NBO) system with at-risk infants and families : United States / Yvette Blanchard -- Early intervention in an Australian setting / Beulah Warren -- Reaching out to rural communities : a community health model : Thailand / Nittaya Jirathiyut Kotchabhakdi and Naiphinich Kotchabhakdi -- Maternal-child and family nursing and preventive intervention : United States / Kristi Brandt -- The touchpoints approach : United States / Ann Coleman Stadtler and John Hornstein -- The newborn as a touchpoint : training pediatricians in Portugal / João Gomes-Pedro -- Humanizing the infant : France / Drina Candilis-Huisman and Marie Fabre-Grenet -- The NBAS in a North Carolina clinical setting : hospital and home : United States / James M. Helm and Marie A. Reilly -- Relationship-based practice in the newborn nursery : thoughts for the pediatric professional : United States / Constance Helen Keefer, Lise Carolyn Johnson, and Susan Minear -- Preparing professionals to work with newborns : the Brazelton Institute experience : United States / Jean Gardner Cole, Cecilia F. Matson, and Thembi Ranuga -- Integrating developmental principles into the daily work of health professionals : Italy / Gherardo Rapisardi ... [et al.] -- A view from the lab / Rachel Keen -- Parent-infant bonding and doula support / John H. Kennell -- The Brazelton baby : the other side of the coin / Ed Tronick -- Evolving family dynamics and neonatal assessment / Bonnie J. Petrauskas -- Future dialogue between the neurosciences and the behavioral observation of infants / Daniel N. Stern and Nadia Bruschweiler-Stern -- The role of the neonatal behavioral assessment scale : personal reflections / T. Berry Brazelton.
=596  \\$a1
=650  \0$aInfants$xDevelopment.
=650  \0$aNewborn infants$xCare.
=650  \0$aParent and infant.
=700  1\$aNugent, J. Kevin.
=700  1\$aPetrauskas, Bonnie J.
=700  1\$aBrazelton, T. Berry,$d1918-2018.
=583  \\$acat$c20090318$knsh$5UPB
=926  \\$aLEE$bLEE-LIB$cHQ 774 .N43 2009$dBOOK$f1

