=LDR  03517cam a2200397 a 4500
=001  a4261481
=003  SIRSI
=005  20090916110326.0
=008  090916s2008\\\\miuag\\\\b\\\\001\0\eng\\
=010  \\$a  2008040728
=020  \\$a0899901433 (alk. paper)
=020  \\$a9780899901435 (alk. paper)
=035  \\$a(OCoLC)ocn436870021
=035  \\$aUtOrBLW
=040  \\$aDLC$cUBY$dC#P$dYDXCP$dCDX$dIXA$dBTCTA$dIUL$dUBY
=043  \\$an-us-ri
=050  00$aML200.7.R47$bR46 2008
=079  \\$aocn256533961
=082  00$a780.9745$222
=090  \\$aML200.7.R47$bR46 2008
=245  00$aRhode Island's musical heritage :$ban exploration /$cedited by Carolyn Livingston and Dawn Elizabeth Smith.
=260  \\$aSterling Heights, Mich. :$bHarmonie Park Press,$c2008.
=300  \\$axx, 327 p. :$bill., music ;$c26 cm.
=336  \\$atext$2rdacontent
=337  \\$aunmediated$2rdamedia
=338  \\$avolume$2rdacarrier
=490  1\$aDetroit monographs in musicology/Studies in music ;$vno. 53
=504  \\$aIncludes bibliographical references and index.
=505  0\$aPeople and events before the twentieth century. Introduction / Carolyn Livingston ; Traditional music of the Indians of Rhode Island and related tribes / Rodney J. Caron ; Charles Theodore Pachelbel and his tenure as organist at Newport's Trinity Church / Raymond Perry ; William Billings : his time in Rhode Island / Gregory E. Arsenault ; Newport Gardner : the first African American music educator / Daniel S. Reynolds ; Andrew Law : American tunesmith / Antonio Grelle ; Oliver Shaw : a musician for his time / Judith Deniston Falconer ; Scottish music in Rhode Island from the Highland Clearances to the present / Fiona J. McIntosh ; Eben Tourjée : early national leader in music education / James Manning ; The American Band of Providence, 1837 to the present / Aaron Weitekamp ; David Wallis Reeves : father of American band music / Robin Murphy ; The Lusitana Portuguese American Band : a cultural influence in Rhode Island / Donna Garcia Valente ; The life and times of Sissieretta Jones / Helen L. Glynn ; George M. Cohan : Rhode Island's Yankee Doodle Dandy / Carolyn Livingston -- People and events since 1900. Introduction / Dawn Elizabeth Smith ; Elodie Farnum : a gifted prodigy / Lisa Quigley Giorgianni ; Stephen E. Farnum : innovator in music testing / Michael J. Boday ; Bobby Hackett : dixieland swing cornetist / Mark D. Baker ; Elizabeth Crook : five decades in music education / Robert G. Fraleigh ; Aurora Spadea Curran : pioneer in Suzuki talent education / Laurette M. Vitello ; Abraham A. Schwadron : music education visionary / James N. DeFrancesco, Donald J. Smith, and Carolyn Livingston ; Providence's music mansion : the Mary Kimball Hail legacy / Patricia Lill Maher ; Theatre-by-the-sea : a Rhode Island treasure / Kristen Nester ; Rhode Island's WPA music project and its orchestra / Tsukasa Cherkaoui ; The Rhode Island Philharmonic Youth Orchestra, 1954-2007 / Leslie Ricci Lee ; The Newport Jazz Festival : its early years and its impact on jazz / Ming-lung Dawn Chung ; The Newport Music Festival / Andrew Maddock ; Music in the Westerly Public Schools since 1970 / Dawn Elizabeth Smith.
=596  \\$a7
=650  \0$aMusic$zRhode Island$xHistory.
=700  1\$aLivingston, Carolyn,$d1936-
=700  1\$aSmith, Dawn Elizabeth.
=830  \0$aDetroit monographs in musicology/Studies in music ;$vno. 53.
=583  \\$acat$bd:oclc:ml$c20090916$kdkj$5UPB
=926  \\$aMUSIC$bMUSIC-LIB$cML 200.7 .R47 R46 2008$dBOOK$f1

