=LDR  02542cam a22004094a 4500
=001  a3957125
=003  SIRSI
=005  20080115100936.9
=008  070611s2008\\\\caua\\\\\b\\\\001\0\eng\\
=010  \\$a  2007023893
=020  \\$a9781412949392 (cloth)
=020  \\$a1412949394 (cloth)
=020  \\$a9781412949408 (pbk.)
=020  \\$a1412949408 (pbk.)
=035  \\$a(OCoLC)ocn144768145
=035  \\$a(OCoLC)ocn378191153
=040  \\$aDLC$cDLC$dBAKER$dBTCTA$dC#P
=050  00$aLB1062$b.C744 2008
=079  \\$aocn144768145
=082  00$a370.15/7$222
=245  00$aCreativity, wisdom, and trusteeship :$bexploring the role of education /$cAnna Craft, Howard Gardner, Guy Claxton, editor.
=260  \\$aThousand Oaks, CA :$bCorwin Press,$c©2008.
=300  \\$axiii, 181 p. :$bill. ;$c26 cm.
=336  \\$atext$2rdacontent
=337  \\$aunmediated$2rdamedia
=338  \\$avolume$2rdacarrier
=504  \\$aIncludes bibliographical references and index.
=505  0\$aNurturing creativity, wisdom and trusteeship in education: a collective debate / Anna Craft, Howard Gardner, Guy Claxton -- Stimulus chapters on creativity, wisdom and trusteeship -- Tensions in creativity and education: enter wisdom and trusteeship? / Anna Craft -- Wisdom: advanced creativity? / Guy Claxton -- Creativity, wisdom and trusteeship / Howard Gardner -- Response chapters on creativity, wisdom and trusteeship -- Creative wisdom: similiarities, contrasts, integration, and application / Dean Keith Simonton -- Creativity and wisdom: are they incompatible? / David Henry Feldman -- How are we disposed to be creative? / Jonathan Rowson -- Good thinking: the creative and competent mind / Helen Haste -- Creativity, wisdom and trusteeship : niches of cultural production / Patrick Dillon -- Wise creativity and creative wisdom / Hans Henrik Knoop -- Creativity and wisdom / Christopher Bannerman -- Leadership as a basis for the education of our children / Robert Sternberg -- Liberating the wise educator: cultivating professional judgement in educational practice / Dave Trotman -- Synthesising creativity, wisdom and trusteeship -- Concluding thoughts : good thinking : education for wise creativity / Guy Claxton, Anna Craft and Howard Gardner.
=596  \\$a1
=650  \0$aCreative thinking.
=650  \0$aWisdom.
=650  \0$aEducation$xAims and objectives.
=700  1\$aCraft, Anna.
=700  1\$aGardner, Howard,$d1943-
=700  1\$aClaxton, Guy.
=583  \\$acat$c20080415$kmpl$5UPB
=926  \\$aLEE$bLEE-LIB$cLB 1062 .C744 2008$dBOOK$f1

