=LDR  02532cam a22003494a 4500
=001  a3909757
=003  SIRSI
=008  070205s2007\\\\ncuab\\\\b\\\\001\0\eng\\
=010  \\$a  2007005226
=020  \\$a9780822340850 (cloth : alk. paper)
=020  \\$a0822340852 (cloth : alk. paper)
=020  \\$a9780822341062 (pbk. : alk. paper)
=020  \\$a0822341069 (pbk. : alk. paper)
=035  \\$a(OCoLC)ocn377438088
=040  \\$aDLC$beng$cDLC$dBTCTA$dBAKER$dUKM$dC#P$dYDXCP$dVYF$dUtOrBLW$dUPB
=050  00$aN72.5$b.P37 2007
=079  \\$aocm82673656
=082  00$a701/.18$222
=245  00$aPartisan canons /$cedited by Anna Brzyski.
=260  \\$aDurham, NC :$bDuke University Press,$c2007.
=300  \\$a370 pages :$billustrations, map ;$c24 cm
=336  \\$atext$btxt$2rdacontent
=337  \\$aunmediated$bn$2rdamedia
=338  \\$avolume$bnc$2rdacarrier
=504  \\$aIncludes bibliographical references (p. [327]-354) and index.
=505  0\$aIntroduction: canons and art history / Anna Brzyski -- Measuring canons: reflections on innovation and the nineteenth-century canon of European art / Robert Jensen -- Canon and globalization in art history / James Elkins -- Mere exposure, reproduction, and the impressionist canon / James Cutting -- Imitation and authority: the creation of the academic canon in French art, 1648-1870 / Paul Duro -- Chinese art, the National Palace Museum, and Cold War politics / Jane c. Ju -- Masculine reason or feminine spirit: gender battles in the Werkbund's canonization of national style / Despina Stratigakos -- Coubet, the decorative, and the canon: rewriting and rereading Meier-Graefe's Modern art / Jenny Anger -- The multiple masculinities of canonical modernism: James Johnson Sweeney and Alfred H. Barr Jr. in the 1930s / Marcia Brennan -- "Gardner" variety formalism: Helen Gardner and Art through the ages / Barbara Jaffee -- The Rembrandt Research Project: issues and controversies raised by a canonical overview / Linda Stone-Ferrier -- Making art in the age of art history, or how to become a canonical artist / Anna Brzyski -- Kinkade and the canon: art history's (ir)relevance / Monica Kjellman-Chapin -- Canons apart and apartheid canons: interpellations beyond the colonial in South African art / Julie McGee -- Coda: canons and contemporaneity / Terry Smith.
=596  \\$a1
=650  \0$aCanon (Art)
=650  \0$aArt$xHistoriography.
=700  1\$aBrzyski, Anna,$d1969- ,$eeditor.
=583  \\$acat$c20080128$krsb$5UPB
=926  \\$aLEE$bLEE-LIB$cN 72.5 .P37 2007$dBOOK$f1

