=LDR  02836cam a22004094a 4500
=001  a3901500
=003  SIRSI
=005  20071031143052.0
=008  070507s2007\\\\caua\\\\\b\\\s001\0\eng\\
=010  \\$a  2007018638
=020  \\$a9780520254343 (cloth : alk. paper)
=020  \\$a0520254341 (cloth : alk. paper)
=020  \\$a9780520254367 (pbk. : alk. paper)
=020  \\$a0520254368 (pbk. : alk. paper)
=035  \\$a(OCoLC)ocn377285494
=040  \\$aDLC$cDLC$dBAKER$dBTCTA$dC#P$dUtOrBLW
=050  00$aLC191$b.L367 2007
=079  \\$aocn126227158
=082  00$a306.43$222
=245  00$aLearning in the global era :$binternational perspectives on globalization and education /$cedited by Marcelo M. Suárez-Orozco.
=260  \\$aBerkeley :$bUniversity of California Press ;$a[New York] :$bRoss Institute,$c©2007.
=300  \\$axviii, 317 p. :$bill. ;$c23 cm.
=336  \\$atext$2rdacontent
=337  \\$aunmediated$2rdamedia
=338  \\$avolume$2rdacarrier
=504  \\$aIncludes bibliographical references and index.
=505  0\$aIntroduction: Learning in the global era / Marcelo M. Suárez-Orozco and Carolyn Sattin -- From teaching globalization to nurturing global consciousness / Veronica Boix Mansilla and Howard Gardner -- Understanding cultural patterns / Peter Gärdenfors -- Mind, brain and education in the era of globalization / Tami Katzir, Mary Helen Immordino-Yang, and Kurt W. Fischer -- Social conduct, neurobiology, and education / Hanna Damasio and Antonio Damasio -- The global spread of women's schooling : effects on learning, literacy, health, and children / Robert A. LeVine -- Globalization and education : can the world meet the challenge? / Bernard Hugonnier -- How computerized work and globalization shape human skill demands / Frank Levy and Richard J. Murnane -- The postindustrial workplace and challenges to education / Kai-ming Cheng -- On the need for teaching intercultural skills : challenges for education in a globalizing world / Rita Süssmuth -- The integration of immigrant youth / Maurice Crul -- The education of immigrant students in a globalized world : policy debates in a comparative perspective / Marie McAndrew -- First-language and -culture learning in light of globalization : the case of Muslims in Flanders and in the Brussels area, Belgium / Eugeen Roosens -- Rethinking honor in regards to human rights : an educational imperative in troubled times / Unni Wikan.
=596  \\$a1
=650  \0$aEducation and globalization.
=650  \0$aEducation and state.
=650  \0$aEducational change.
=650  \0$aEducational equalization.
=650  \0$aEducation$xEffect of technological innovations on.
=650  \0$aLearning.
=700  1\$aSuárez-Orozco, Marcelo M.,$d1956-
=583  \\$acat$c20071119$kllb$5UPB
=926  \\$aLEE$bLEE-LIB$cLC 191 .L367 2007$dBOOK$f1

