=LDR  01616cam a22004454a 4500
=001  a3271597
=008  030820s2005\\\\cauab\\\\b\\\\001\0\eng\\
=010  \\$a  2003111627
=020  \\$a0155050907 (hardcover)
=020  \\$a0534640958 (v. 1 : pbk.)
=020  \\$a0534640915 (v. 2 : pbk.)
=035  \\$a(RLIN)DCLC2003111627-B
=035  \\$a(OCoLC)ocn368254003
=040  \\$aDLC$beng$cDLC$dDLC$dUPB
=042  \\$apcc
=050  00$aN5300$b.G25 2005
=079  \\$aocm54830091
=100  1\$aGardner, Helen,$d1878-1946.
=245  10$aGardner's art through the ages /$cFred S. Kleiner, Christin J. Mamiya.
=246  3\$aArt through the ages
=250  \\$aTwelfth edition.
=260  \\$aBelmont, CA :$bThomson/Wadsworth,$c[2005], ©2005.
=300  \\$axxix, 1150 pages :$billustrations (some color), color maps ;$c30 cm. +$e1 CD-ROM (4 3/4 in.)
=336  \\$atext$btxt$2rdacontent
=337  \\$aunmediated$bn$2rdamedia
=338  \\$avolume$bnc$2rdacarrier
=504  \\$aIncludes bibliographical references (p. 1110-1125) and index.
=596  \\$a1
=650  \0$aArt$xHistory.
=655  \0$aCD-ROMs.
=700  1\$aKleiner, Fred S.
=700  1\$aMamiya, Christin J.
=583  \\$acat$c20040916$kask$5UPB
=583  \\$c20120924$kagr$lDamaged:black pen$e31197224574563$5UPB
=583  \\$c20130115$kagr$lDamaged:orange pencil, black pen$5UPB
=583  \\$c20130124$kagr$lDamaged:yellow highlighter$5UPB
=583  \\$c20130405$khaa$lDamaged:pencil$5UPB
=583  \\$c20150105$khaa$lDamaged:liquid$5UPB
=926  \\$aLEE$bLEE-LIB$cN 5300 .G25 2005$dBOOK$f1
=926  \\$aLEE$bLEE-LIB$cN 5300 .G25 2005$dBOOK$f2

