=LDR  03130cjm a2200589Ka 4500
=001  a3532820
=003  SIRSI
=005  20060321060120.0
=007  sd\fsngnnmmneu
=008  050712s2004\\\\maufmn\\\\\\\\\\\\\\eng\d
=028  02$aWCS 023$bWhaling City Sound
=035  \\$a(OCoLC)ocn369319690
=040  \\$aCMI$cCMI$dWIM
=079  \\$aocm60848952
=110  2\$aNew Bedford Harbor Sea Chantey Chorus.
=245  10$aLovely Ernestina :$bsongs of the sea /$c[New Bedford Harbor Sea Chantey Chorus ; with the Rum Soaked Crooks]
=246  10$aSongs of the sea
=260  \\$aBedford, Mass. :$bWhaling City Sound,$c2004.
=300  \\$a1 audio disc (61 min.) :$bdigital ;$c4 3/4 in.
=336  \\$aperformed music$2rdacontent
=337  \\$aaudio$2rdamedia
=338  \\$aaudio disc$2rdacarrier
=500  \\$aCompact disc.
=500  \\$aStatement of responsibility from container.
=505  0\$aSpanish ladies (trad.) / Tom Goux & Jacek Sulanowski soloists -- The mermaid (trad.) -- Long time ago (trad.) / Chuck Smiler soloist -- Dom Pedro (trad.) / Tom Goux soloist -- Mary L. McKay (from : Songs and ballads from Nova Scotia by Helen Creighton) (words: Frederick William Wallace) / Jacek Sulanowski soloist -- Over the waterfall & ragtime Annie (trad.) / Dan Lanier and Andy Woolf soloists -- Lovely Ernestina (Jim Bean) / Jim Bean soloist -- Yo-yo schooners at Digby (Tom Goux) / Tom Goux soloist -- Fisherman's wife (trad.) / Polly Zajac & Polly Gardner soloists -- Fiddler's green (John Connolly) / Jack Dolan soloist -- The Navy hymn (John B. Dykes, William Whiting, M.C.D. Hamilton) -- The spray (Dillion Bustin) / Jim Bean soloist -- Sally Brown (trad.) / Dan Lanier soloist -- We be three poor mariners (Thomas Ravenscroft) -- Port of many ships (words by John Masefield, music by Tom Goux) / Tom Goux soloist -- Sailors hornpipe & Fisher's hornpipe (trad.) / Dan Lanier & Andy Woolf soloists -- Tubarao (trad. morna) / Joan Stopka soloist -- Essequibo River (trad.) / Tom Goux soloist -- Song for Ernestina (Tom Goux) / Tom Goux soloist.
=508  \\$aTom Goux, producer ; Neal Weiss, executive producer.
=511  0\$aNew Bedford Harbor Sea Chantey Chorus with the Rum soaked Crooks.
=518  \\$aRecorded at the Unitarian Memorial Church, Fairhaven, Massachusetts by Dick Campbell.
=596  \\$a7
=655  \7$aFolk music.$2lcgft
=655  \0$aCompact discs.
=710  2\$aRum Soaked Crooks (Musical group)
=740  0\$aSpanish ladies.
=740  4\$aThe mermaid.
=740  0\$aLong time ago.
=740  0\$aDom Pedro.
=740  0\$aMary L. McKay.
=740  0\$aOver the waterfall & ragtime Annie.
=740  0\$aYo-yo schooners at Digby.
=740  0\$aFisherman's wife.
=740  0\$aFiddler's green.
=740  4\$aThe Navy hymn.
=740  4\$aThe spray.
=740  0\$aSally Brown.
=740  0\$aWe be three poor mariners.
=740  0\$aPort of many ships.
=740  0\$aSailors hornpipe & fisher's hornpipe.
=740  0\$aTubarao.
=740  0\$aEssequibo River.
=740  0\$aSong for Ernestina.
=590  \\$aMLL CD 14558
=926  \\$aMUSIC$bMUSIC-DESK$cM 1977 .S2 N48 2004 CD$dCD$f1

