=LDR  03734cam a2200337 a 4500
=001  a3286349
=003  SIRSI
=008  040813r20041974utu\\\\\\b\\\\001\0\eng\\
=010  \\$a  2004019239
=020  \\$a1932898034 (pbk. : alk. paper)
=035  \\$a(OCoLC)ocn373644100
=040  \\$aDLC$cDLC$dDLC$dUPB
=050  00$aPN6071.C6$bM43 2004
=079  \\$aocm56318363
=082  00$a813/.0108334$222
=245  00$aMemorable Christmas stories /$ccompiled by Leon R. Hartshorn.
=260  \\$aProvo, Utah :$bSpring Creek Book Company,$c©2004.
=300  \\$aviii, 242 p. ;$c23 cm.
=336  \\$atext$2rdacontent
=337  \\$aunmediated$2rdamedia
=338  \\$avolume$2rdacarrier
=534  \\$pReprint. Originally published:$cSalt Lake City, Utah : Deseret Book Co., 1974.
=504  \\$aIncludes bibliographical references and index.
=505  0\$aI think you have a fire at your store / LaRue H. Soelberg -- Trouble at the inn / Dina Donohue -- Again it was Christmas eve / David 0. McKay -- The wonderful Christmas tree / Reed Blake -- A beautiful silver star / Ivan T. Anderson -- She was baptized on Christmas eve / Steven Ray Affleck -- Who ever heard of a crippled angel? / Janice Beckstead -- God has said Merry Christmas to me / Anna W. McNeil -- When the wise man appeared / William Ashley Anderson -- The Christmas we gave away / Marilyn Ellsworth Swinyard -- A wondeiful Christmas / Wendell J. Ashton -- First Christmas in Utah / Levi Edgar Young -- Christmas jewels for the schoolmarm / Marian Gardner Nielson -- Twice blest / Helen Romrell -- Special package for you today / Ranetta Van Zyverden -- Pink dresser / Wendell J. Ashton -- Christmas remembered / Berta Huish Christensen -- And a Merry Christmas to everyone / J. Arthur Home -- The widow's might / Elaine S. McKay -- Grandma's surprise packages / Frances C. Yost -- Christmas at the desert's edge / Lorene Pearson -- No Christmas tree, no presents / Mrs. Boyd Lemon -- His brother's keeper / Elsie Chamberlain Carroll -- A birthday gift for the lord / Spencer W. Kimball -- They wept for joy / Walter F. Stevenson -- Cried like a child / Joseph F. Smith -- Bag of toys / Sylvia Ruth Grant -- Don't involve me / Edna M. Jones -- An old-fashioned romance / Nora McKay Stevenson -- Christmas dinner / Agnes Just Reid -- It's your Christmas, Cheryl / Carol C. Ottesen -- The best Christmas ever / Helen H. Trutton -- Say it louder, louder / Ivalou Lawrence -- A star's slim light / Alice Morrey Bailey -- How the pioneers celebrated Christmas / F. Cecil McGavin -- Jenny's letter / Bernice Brown -- Uncle Kees' Christmas rebellion / Pierre Van Paassen -- Peace on earth / Marguerite Johnson Griffin -- This blessed Christmas day / Drucilla H. McFarland -- On Christmas morning / Sylvia Young -- Katie's prayer / Grant Allyn Caproni -- A Christmas gift for the doctor / John Collins Harvey -- The perfect Christmas / Betty Lou Martin Smith -- I was grateful just to be alive / Royal R. Meservy -- No gifts? / Milton L. Weilenmann -- Home for Christmas / Myrtle M. Dean -- Then we found the rocking horse / Derek Dixon -- The Christmas cards / Dorothy Boys Kilian -- The Christmas shoppers / Lucile C. Reading -- The christmas gift / Kathryn E. Franks -- Mama and the magic bag / Lila L. Smith -- The first Christmas greeting / Louise D. Morrison -- The fiftieth cake / Ivy W. Stone -- To me it is one thing: joy / Berta Huish Christensen.
=596  \\$a1 9
=655  \0$aChristmas stories, American.
=700  1\$aHartshorn, Leon R.
=583  \\$aaut$c200501$kare$5UPB
=945  \\$aKayla Willey and Gail King.$bJim Hoffman.$d01/06/05.$estacks copy
=926  \\$aLEE$bLEE-LIB$cBX 8648.5 .M5196 2004$dBOOK$f1
=926  \\$aSPEC-COLL$bAME$cBX 8648.5 .M5196 2004$dAMERICANA$f1

