=LDR  05231cam a2200589 i 4500
=001  a6440864
=003  SIRSI
=005  20140325162554.0
=008  140325s2003\\\\enkabe\\\b\\\\100\0\eng\\
=010  \\$a  2005295868
=015  \\$aGBA3U0622$2bnb
=016  7\$a006903759$2Uk
=020  \\$a1842171291
=020  \\$a9781842171295
=035  \\$a(OCoLC)ocn874771439
=035  \\$aUtOrBLW
=040  \\$aUKM$beng$erda$cUBY$dDLC$dC#P$dBAKER$dLRU$dYDXCP$dOCLCQ$dBTCTA$dUKMGB$dOCLCF$dUBY$dUtOrBLW
=042  \\$aukblsr$apcc
=043  \\$af-ua---
=050  00$aDT73.D33$bD35 2000
=079  \\$aocm53242002
=082  04$a932.011$222
=110  2\$aDakhleh Oasis Project.$bConference$n(3rd :$d2000 :$cClayton, Vic.)
=245  14$aThe Oasis papers 3 :$bproceedings of the third International Conference of the Dakhleh Oasis Project /$cedited by Gillian E. Bowen and Colin A. Hope.
=246  3\$aOasis papers three
=246  3\$aOasis papers III
=246  30$aProceedings of the third International Conference of the Dakhleh Oasis Project
=264  \1$aOxford :$bOxbow Books,$c[2003]
=264  \2$aOakville, CT, U.S.A. :$bDavid Brown Book Co.
=264  \4$c©2003
=300  \\$a382 pages :$billustrations (some color), maps, plans ;$c31 cm.
=336  \\$atext$2rdacontent
=336  \\$astill image$2rdacontent
=336  \\$acartographic image$2rdacontent
=337  \\$aunmediated$2rdamedia
=338  \\$avolume$2rdacarrier
=490  1\$aMonograph / Dakhleh Oasis Project ;$v14
=500  \\$aProceedings of the conference held in Clayton, Vic., Australia, 10-12 Aug. 2000, sponsored jointly by the Centre for Archaeology and Ancient History, Monash University, and the Egyptology Society of Victoria.
=504  \\$aIncludes bibliographical references.
=505  0\$aStrategies for Studying Pleistocene Archaeology based on Surface Evidence : First Characterization of an Older Middle Stone Age Unit, Dakhleh Oasis, Western Desert, Egypt  / Maxine R. Kleindienst -- The Early Holocene Masara A and Masara C Cultural Sub-Units of Dakhleh Oasis, within a Wider Cultural Setting  / Mary M. A. McDonald -- Health and Disease of Neolithic Remains from Sheikh Muftah, Dakhleh Oasis  / Jennifer L. Thompson and Gwyn D. Madden -- Interregional Contacts with the Sudan : Ceramic Evidence from the Mid-Holocene Period  / Ashten R. Warfe -- Hyaenas in the Dakhleh Oasis II  / Charles S. Churcher -- Spatial and Temporal Distribution of Fossil-Spring Tufa Deposits, Western Desert, Egypt : Implications for Palaeoclimatic Interpretations  / Jennifer R. Smith and Robert F. Giegengack -- La Ceramique Datee de la Fin de la XIIIe Dynastie  / Deuxieme Periode Intermediaire Decouverte en Contexte Urbain a 'Ain Aseel  / Oases de Dakhleh  / Sylvie Marchand -- 'Ain el-Gazzareen : Developments in the Old Kingdom Settlement  / Anthony J. Mills and Olaf E. Kaper -- Magnetic Survey at 'Ain el-Gazzareen  / Tatyana N. Smekalova, Anthony J. Mills and Tomasz Herbich -- Bio-anthropological Features of Human Mummies in Kellis I Cemetery : The Database for Mummification Methods  / Arthur C. Aufderheide, Larry Cartmell and Michael Zlonis -- The Small East Church at Ismant el-Kharab  / Gillian E. Bowen -- Some Observations on Christian Burial Practices at Kellis  / Gillian E. Bowen -- A Preliminary Analysis of the Human Skeletal Remains from North Tombs 1 and 2  / Tosha L. Dupras and Matthew W. Tocheri -- Preliminary Analysis of the Human Skeletal Remains from South Tomb 4  / Tosha L. Dupras and Matthew W. Tocheri -- Report on the editing of both the Coptic and Manichean Texts from Ismant el-Kharab  / Iain Gardner -- The Excavations at Ismant el-Kharab from 2000 to 2002  / Colin A. Hope -- The Gladiator Jug from Ismant el-Kharab  / Colin A. Hope and Helen V. Whitehouse -- The God Tutu at Kellis : On Two Stelae Found at Ismant el-Kharab in 2000  / Olaf E. Kaper -- The Decoration of North Tomb I  / Olaf E. Kaper -- Ancient Antibiotics : Evidence of Tetracycline in Human and Animal Bone from Kellis  / Corey Maggiano, Tosha L. Dupras and John Biggerstaff -- Late Roman Period Human Skeletal Remains from Areas D/6 and D/7 and North Tomb I at Kellis  / J. Eldon Molto, Peter Sheldrick, Antonietta Cerroni and Scott Haddow -- A Preliminary Report on the Analysis of Organic Materials from Ismant el-Kharab  / Andrew Ross and Benjamin Stern -- The Chronology of Kellis 2 : The Interpretative Significance of Radiocarbon Dating of Human Remains  / Joe D. Stewart, J. Eldon Molto and Paula J. Reimer; A Mythological Ostrakon from Kellis  / Klaas A. Worp.
=596  \\$a1
=650  \0$aExcavations (Archaeology)$zEgypt$zDakhla Oasis$vCongresses.
=651  \0$aDakhla Oasis (Egypt)$xAntiquities$vCongresses.
=651  \0$aKellis (Extinct city)$vCongresses.
=610  20$aDakhleh Oasis Project$vCongresses.
=700  1\$aBowen, Gillian E.$eeditor.
=700  1\$aHope, Colin A.,$eeditor.
=710  2\$aMonash University.$bCentre for Archaeology & Ancient History,$esponsoring body.
=710  2\$aEgyptology Society of Victoria,$esponsoring body.
=830  \0$aMonograph (Dakhleh Oasis Project)$vno. 14.
=583  \\$acat$bo pcc stacks classics$c20140325$krlm$5UPB
=926  \\$aLEE$bOVERSIZE-Q$cDT 73 .D33 D35 2000$dBOOK$f1

