=LDR  02619cam a2200433 a 4500
=001  a2897259
=003  SIRSI
=005  20010717103250.0
=008  010710s2001\\\\enk\\\\\\b\\\\001\0\eng\\
=010  \\$a  2001044189
=020  \\$a0719060664 (hbk.)
=035  \\$a(OCoLC)ocn367823734
=040  \\$aDLC$cDLC
=042  \\$apcc
=043  \\$ae-uk---
=050  00$aKZ1269$b.E49 2001
=079  \\$aocm47443937
=082  00$a325/.32/0941$221
=245  00$aLaw, history, colonialism  :$bthe reach of empire /$cedited by Diane Kirkby and Catharine Coleborne.
=260  \\$aManchester ;$aNew York :$bManchester University Press :$bDistributed exclusively in the USA by Palgrave,$c2001.
=300  \\$axii, 307 p. ;$c24 cm.
=336  \\$atext$2rdacontent
=337  \\$aunmediated$2rdamedia
=338  \\$avolume$2rdacarrier
=490  1\$aStudies in imperialism
=504  \\$aIncludes bibliographical references and index.
=505  0\$aTerminal legality / Peter Fitzpatrick -- Law's empire / Christopher Tomlins -- Reflections on the rule of law / John McLaren -- Race definition run amuck / Constance Backhouse -- Paradox of ultra-democratic government / Patricia Grimshaw, Robert Reynolds and Shurlee Swain -- When there's no safety in numbers / Julie Evans and David Philips -- Making mad populations in settler colonies / Catherine Coleborne -- Towards a taxonomy for the common law / Mark D. Walters -- Problem of Aboriginal evidence in early colonial New South Wales / Nancy E. Wright -- Assuming judicial control / Helen Gardner -- Fate of Maori land rights in early colonial New Zealand / Ann Parsonson -- Because it does not make sense / John Borrows -- Land, conveyancing reform and the problem of the married woman in colonial Australia / Hilary Golder and Diane Kirkby -- Construction of property rights on imperial frontiers / John C. Weaver -- International law - recolonizing the Third World / Radha D'Souza -- Historians and native title / Christine Choo -- Race, gender and nation in history and law / Constance Backhouse ... [et al.].
=596  \\$a1
=650  \0$aColonies$xLaw and legislation$xHistory.
=650  \0$aLaw$zGreat Britain$xColonies$xHistory.
=650  \0$aIndigenous peoples$xLegal status, laws, etc.$xHistory.
=650  \0$aColonies$xHistory.
=650  \0$aImperialism$xHistory.
=700  1\$aKirkby, Diane Elizabeth.
=700  1\$aColeborne, Catharine.
=830  \0$aStudies in imperialism (Manchester, England)
=583  \\$acat$c20020502$kpsg$5UPB
=945  \\$aLee Library Faculty and Staff;$bDonald T. Schmidt;$d5/2/02.
=926  \\$aLEE$bLEE-LIB$cKZ 1269 .E49 2001$dBOOK$f1

