=LDR  01673cam a2200433 a 4500
=001  a2869304
=001  ocm48503125
=003  SIRSI
=005  20011212160454.0
=008  011129s2001\\\\maua\\\\\b\\\\000\0\eng\d
=035  \\$a(OCoLC)ocn370525246
=040  \\$aDBI$cDBI$dUPB
=043  \\$an-us---
=079  \\$aocm48503125
=100  1\$aDeLeire, Thomas C.
=245  10$aGender, occupation choice and the risk of death at work /$cThomas Deleire, Helen Levy
=260  \\$aCambridge, MA. :$bNational Bureau of Economic Research,$c©2001.
=300  \\$a30 p. :$bill. ;$c22 cm.
=336  \\$atext$2rdacontent
=337  \\$aunmediated$2rdamedia
=338  \\$avolume$2rdacarrier
=490  1\$aNBER working paper series ;$vno. 8574
=500  \\$a"November 2001."
=504  \\$aIncludes bibliographical references (p. 19-20).
=530  \\$aAlso available in PDF from the NBER world wide web site (www.nber.org).
=596  \\$a1
=650  \0$aSex role in the work environment$zUnited States
=650  \0$aMothers$xEmployment$zUnited States
=650  \0$aWomen$xEmployment$zUnited States
=650  \0$aFathers$xEmployment$zUnited States.
=650  \0$aWomen employees$xMortality$zUnited States.
=650  \0$aOccupational mortality$zUnited States.
=650  \0$aIndustrial safety$zUnited States
=700  1\$aLevy, Helen Gardner,$d1969-
=710  2\$aNational Bureau of Economic Research.
=830  \0$aWorking paper series (National Bureau of Economic Research)$vworking paper no. 8574.
=583  \\$acat$c20020107$krh$5UPB
=856  4\$zClick here to download PDF file$uhttp://www.nber.org/papers/W8574.pdf
=926  \\$aLEE$bLEE-LIB$cHB 1 .A2 W67x no.8574$dBOOK$f1

