=LDR  01407cam a2200397 a 4500
=001  a2842835
=003  SIRSI
=008  000421s2001\\\\txuab\\\\b\\\\001\0\eng\\
=010  \\$a   00103800 $z   00104141 $z   00104140
=020  \\$a0155083155
=035  \\$a(RGTO)DCLC00103800-B
=035  \\$a(OCoLC)ocn370465229
=040  \\$aDLC$beng$cDLC$dDLC$dUPB
=050  00$aN5300$b.G25 2001
=079  \\$aocm44688506
=082  00$a709$221
=100  1\$aGardner, Helen,$d1878-1946.
=240  10$aArt through the ages
=245  10$aGardner's art through the ages.
=250  \\$aEleventh edition /$bFred S. Kleiner, Christin J. Mamiya, Richard G. Tansey.
=260  \\$aFort Worth, TX :$bHarcourt College Publishers,$c2001.
=300  \\$axlvii, 1198 pages :$billustrations (chiefly color), maps ;$c30 cm
=336  \\$atext$btxt$2rdacontent
=337  \\$aunmediated$bn$2rdamedia
=338  \\$avolume$bnc$2rdacarrier
=504  \\$aIncludes bibliographical references (p. [1164]-1177) and index.
=596  \\$a1
=650  \0$aArt$xHistory.
=700  1\$aKleiner, Fred S.
=700  1\$aMamiya, Christin J.
=700  1\$aTansey, Richard G.
=583  \\$acat$c20011029$kask$5UPB
=583  \\$c20110525$klmm$lDamaged:pencil, pen$5UPB
=583  \\$c20110608$klmm$lDamaged:yellow highlighter$5UPB
=945  \\$aBYU Alumni Association;$bDean Devon Baxter;$d10/29/01.
=926  \\$aLEE$bLEE-LIB$cN 5300 .G25 2001$dBOOK$f1

