=LDR  01276cam a2200373 a 4500
=001  a2083615
=003  SIRSI
=008  960514s1996\\\\txua\\\\\b\\\\001\0\eng\\
=010  \\$a   95076264
=020  \\$a0155011413 (hardbound)
=035  \\$a(MARC)
=035  \\$a(OCoLC)ocn370289384
=040  \\$aDLC$beng$cDLC$dUPB
=050  00$aN5300$b.G25 1996
=079  \\$aocm32992863
=082  00$a709$220
=100  1\$aGardner, Helen,$d1878-1946.
=240  10$aArt through the ages
=245  10$aGardner's art through the ages.
=250  \\$a10th edition /$bRichard G. Tansey, Fred S. Kleiner.
=260  \\$aFort Worth :$bHarcourt Brace College Publishers,$c[1996], ©1996.
=300  \\$axvi, 1200 pages :$billustrations (some color) ;$c29 cm
=336  \\$atext$btxt$2rdacontent
=337  \\$aunmediated$bn$2rdamedia
=338  \\$avolume$bnc$2rdacarrier
=504  \\$aIncludes bibliographical references (p. [1169]-1179) and index.
=596  \\$a1
=650  \0$aArt$xHistory.
=700  1\$aTansey, Richard G.
=700  1\$aKleiner, Fred S.
=988  \\$a11/25/1996$b3/19/1997$c11/25/1996
=945  \\$aCarson, Alnora C. Pease ;$d03/19/97
=989  \\$aN 5300 .G25 1996$wLC$hhumr$i31197212819020$o.COMMENT. cat for hum ref$51/1
=926  \\$aLEE$bLEE-LIB$cN 5300 .G25 1996$dBOOK$f1

