=LDR  01310caa a2200337Ii 4500
=001  a6464873
=003  SIRSI
=005  20140529130110.0
=008  140529s1993\\\\utuab\\\\b\\\\000\0\eng\d
=035  \\$a(OCoLC)ocn880676045
=040  \\$aUBY$beng$erda$cUBY
=043  \\$an-us-ut
=079  \\$aocn880676033
=090  \\$aF821$b.U92 vol.61 no.1
=100  1\$aGardner, Helen B.,$eauthors.
=245  14$aThe People's Progressive Telephone Company, 1912-17 :$bthe dream and the reality /$cby Helen B. Gardner and Quenton T. Bowler.
=264  \0$a[Salt Lake City, Utah] :$b[Utah Historical Quarterly],$c1993.
=300  \\$apages 79-94 :$billustrations, maps ;$c27 cm
=336  \\$atext$2rdacontent
=337  \\$aunmediated$2rdamedia
=338  \\$avolume$2rdacarrier
=500  \\$aCaption title.
=504  \\$aIncludes bibliographical references.
=596  \\$a1 9
=650  \0$aTelephone companies$zUtah$xHistory.
=655  \7$aArticles.$2aat
=700  1\$aBowler, Quenton T.,$eauthor.
=773  08$iContained in (manifestation):$tUtah historical quarterly$gvol.61, no.1 (Winter 1993)$x0042-143X$w(DLC)   33021180$w(OCoLC)1713705
=583  \\$acat$bo$bame$brda$banalytic$c20140529$kkxw$5UPB
=926  \\$aLEE$bPER$cF 821 .U92 vol.61 no.1$dPERIODICAL$f1
=926  \\$aSPEC-COLL$cF 821 .U92 vol.61 no.1 p.79-94$fNONE

