=LDR  23908cam a2201261 a 4500
=001  ocm26306884
=003  OCoLC
=005  20180515142347.0
=008  920714m19929999mdua\\\\\\\\\\000\1\eng\\
=010  \\$a   92027484
=040  \\$aDLC$beng$cDLC$dIMF$dBAKER$dGZK$dBTCTA$dEXN$dBDX$dNCU$dOCLCF$dOCLCQ$dNCU$dUBY
=019  \\$a35959956$a41340938$a262429924$a466336115$a948624268
=020  \\$a0828006725$q(v. 1)
=020  \\$a9780828006729$q(v. 1)
=020  \\$a0828007934$q(v. 2)
=020  \\$a9780828007931$q(v. 2)
=020  \\$a0828008698$q(v. 3)
=020  \\$a9780828008693$q(v. 3)
=020  \\$a0828009937$q(v. 4)
=020  \\$a9780828009935$q(v. 4)
=020  \\$a0828012164$q(v. 5)
=020  \\$a9780828012164$q(v. 5)
=020  \\$a0828013101$q(v. 6)
=020  \\$a9780828013109$q(v. 6)
=020  \\$a0828013888$q(v. 7)
=020  \\$a9780828013888$q(v. 7)
=020  \\$a0828014590$q(v. 8)
=020  \\$a9780828014595$q(v. 8)
=020  \\$a0828015511$q(v. 9)
=020  \\$a9780828015516$q(v. 9)
=020  \\$a0828016224$q(v. 10)
=020  \\$a9780828016223$q(v. 10)
=020  \\$a0842356266$q(v. 11)
=020  \\$a9780842356268$q(v. 11)
=020  \\$a0828017875$q(v. 12)
=020  \\$a9780828017879$q(v. 12)
=020  \\$a0828018596$q(v. 13)
=020  \\$a9780828018593$q(v. 13)
=020  \\$a082801910X$q(v. 14)
=020  \\$a9780828019101$q(v. 14)
=020  \\$a0828020086$q(v. 15)
=020  \\$a9780828020084$q(v. 15)
=020  \\$a0828020299$q(v. 16)
=020  \\$a9780828020299$q(v. 16)
=020  \\$a0816322864$q(v. 17)
=020  \\$a9780816322862$q(v. 17)
=020  \\$a0816323607$q(v. 18)
=020  \\$a9780816323609$q(v. 18)
=020  \\$a0816324069$q(v. 19)
=020  \\$a9780816324064$q(v. 19)
=020  \\$a081632476X$q(v. 20)
=020  \\$a9780816324767$q(v. 20)
=020  \\$a0816344361$q(v. 22)
=020  \\$a9780816344369$q(v. 22)
=020  \\$a0816357803$q(v. 24)
=020  \\$a9780816357802$q(v. 24)
=020  \\$a0816361347$q(v. 25)
=020  \\$a9780816361342$q(v. 25)
=020  \\$a0842336451
=020  \\$a9780842336451
=020  \\$a0842351892
=020  \\$a9780842351898
=020  \\$a0842339787
=020  \\$a9780842339780
=020  \\$a9780816334018
=020  \\$a0816334013
=035  \\$a(OCoLC)26306884$z(OCoLC)35959956$z(OCoLC)41340938$z(OCoLC)262429924$z(OCoLC)466336115$z(OCoLC)948624268
=050  00$aPS648.C45$bC447 1992
=082  00$a813/.010833$220
=245  00$aChristmas in my heart /$c[compiled and edited by] Joe L. Wheeler.
=260  \\$aHagerstown, MD :$bReview and Herald Pub. Association,$c©1992-<c2010, 2015>
=260  \\$aNampa, Idaho ;$aOshawa, Ont., Canada :$bPacific Press Publishing Association, <2008>-<2016>
=300  \\$avolumes <1-26> :$billustrations ;$c18 x 22 cm
=336  \\$atext$btxt$2rdacontent
=337  \\$aunmediated$bn$2rdamedia
=338  \\$avolume$bnc$2rdacarrier
=500  \\$aVolumes 1-16 published at Hagerstown, Md. by Review and Herald Pub. Association.
=500  \\$aCover of v. 24 has: "A treasury of old-fashioned Christmas stories."
=505  0\$av.1 -- Introduction : " Once upon a Christmas / Joe L. Wheeler -- The snow of Christmas / Joe L. Wheeler -- Christmas is for families / Lois Hansen -- Christmas echoes / Les Thomas -- A certain small shepherd / Rebecca Caudill -- A string of blue beads / Fulton Oursler -- David's Star of Bethlehem / Christine Whiting Parmenter -- The red mittens / Hartley F. Daily -- The promise of the doll / Ruth C. Ikerman -- The Christmas of the phonograph records / Mari Sandoz -- Guest in the house / Ruth Emery Amanrude -- Gift for David / Lon Woodrun -- The why of Christmas / Don Dedera -- Bethany's Christmas carol / Mabel McKee -- A few bars in the key of G / Author unknown -- Why the minister did not resign / Author unknown -- "Meditation" in a minor key / Joe L. Wheeler.
=505  0\$av. 2 -- Introduction : "The 36 Days of Christmas," / Joe Wheeler -- The littlest orphan and the Christ baby / Margaret Sangster -- The real Christmas spirit / Helen E. Richards -- The gift of the magi / O. Henry -- Running away from Christmas / Annie Hamilton -- The last straw / Paula McDonald Palangi -- Have you seen the star? / Margaret Slattery -- Christmas Island / Mary Ellen Holmes -- The tallest angel / Author Unknown -- The tiny foo" / Frederic Loomis -- Delayed Delivery / Cathy Miller -- The locking in of Lisabeth / Temple Bailey -- Christmas Magic / Author Unknown -- A father for Christmas / Author Unknown -- Mr. Sankey celebrates Christmas / John Gillies -- Stranger, come home / Pearl S. Buck -- Tell me a story of Christmas / Bill Vaughan -- The bells of Christmas eve / Joe L. Wheeler.
=505  0\$av. 3 -- Introduction : "Snow and Christmas" / Joe L. Wheeler -- The candle in the forest / Temple Bailey -- The gold and ivory tablecloth / Howard C. Schade -- The Jubilee agreement / Terry Beck -- A Christmas ballad for the Captain / Willian J. Lederer -- Rebecca's only way / Annie Hamilton Donnell -- A gift from the heart / Norman Vincent Peale -- The fir tree cousins / Lucretia D. Clapp -- Star across the tracks / Bess Streeter -- The Christmas nightingale / Eric P. Kelly -- My Christmas miracle / Taylor Caldwell -- A Small gist of love / Mary Ellen Holmes -- Yet not one of them shall fall / Hartley F. Dailey -- The story of the other wise man / Henry Van Dyke -- Lonely tree / Margaret Sangster -- The third rose/ Joe L. Wheeler.
=505  0\$av. 4 -- Introduction : A Pennsylvania Deutsch Christmas / Joseph Leininger Wheeler -- Trouble at the inn / Dina Donohue -- Christmas at Wittenburg / Gladys H. Barr -- And it was Christmas morning / Author Unknown -- Joey's Miracle / Hartley F. Dailey -- Christmas in the New World / Rosina Kiehlbauch -- Charlie's blanket / Wendy Miller -- A day of pleasant bread / David Grayson -- Unlucky Jim / Arthur S. Maxwell -- Christmas day in the morning / Pearl S. Buck -- Pink Angel / Author Unknown -- Christmas lost and found / Shirley Barksdale -- A doll from muzzy / Penny Estes Wheeler -- Truce in the forest / Fritz Vincken -- A full house / Madeleine L'Engle -- Jolly Miss Enderby / Paul Gallico -- On Christmas day in the morning / Grace Richmond -- Rose on December / Sybil Haddock -- Luther / Joe L. Wheeler.
=505  0\$av. 5 -- Introduction : We Get Letters - lots and lots of letters / Joseph Leininger Wheeler -- Christmas in Tin Can Valley / Author Unknown -- With a star on top / Margaret E. Sangster -- The invisible Christmas tree / William Barthel -- A Christmas miracle / Kathleen R. Ruckman -- By special delivery / G. E. Wallace -- The man who missed Christmas / J. Edgar Parks -- The blue Christmas tree / Anne E. Schaff -- To Springvale for Christmas / Zona Gale -- Christmas angel / Ethelyn M. Parkinson -- Somebody in the corner / John Sutherland Bonnell -- Something quite forgotten / Author Unknown -- Except you come as a child / Kristine Holland -- The star in the well / Temple Bailey -- A song in the air / Author Unknown -- Christmas on the Homestead in 1884 / Rosina Kiehlbauch -- Time to expand / Elsie Singmaster -- Unto the banana leaf Christmas tree / Carolyn Rathbun -- Merry "Little Christmas" / Agnes Sligh Turnbull -- Hans and the trading game / Joe L. Wheeler.
=505  0\$av. 6 -- Introduction : From Saint Nicholas to Santa Claus / Joseph Leininger Wheeler -- Small things / Margaret E. Sangster -- The servant candle / Terry Beck -- Clorinda's gifts / Lucy Maud Montgomery -- So cold, so far from home / Maimu Veedler -- Christmas on the Homestead in 1894 / Rosina Kiehlbauch -- The miraculous staircase / Arthur Gordon -- The stuffed kitten / Mae Hurley Ashworth -- Matthew, Mark, Luke, and John / Pearl S. Buck -- Their best Christmas / Hartley F. Dailey -- A stolen Christmas / Charles M. Sheldon -- To see again / Gary B. Swanson -- Bid the tapers twinkle / Bess Streeter Aldrich -- Why Carolyn Didn't go to the Christmas party / Arthur Milward -- Pandora's Books / Joseph Leininger Wheeler.
=505  0\$av. 7 -- Introduction : The not-so lowly woodcut / Joseph Leininger Wheeler -- Red shoes / Anita L. Fordyce -- Feliz Navidad! / Carolyn Rathbun-Sutton -- How far is it to Bethlehem? / Elizabeth Orton Jones -- When Tad remembered / Minnie Leona Upton -- Snow for Christmas / Virginia Evertt Davidson -- Anetka's Carol / Eric Philbrook Kelly -- The first creche / Arthur Gordon -- On Christmas day in the evening / Grace S. Richmond -- Kashara's gist / Lissa Halls Johnson -- Anniversary / Author Unknown -- A successful calamity / A. May Holaday -- The carols of Bethlehem center / Frederick Hall -- Unexpected Christmas / Marguerite Nixon -- The red envelope /Nancy N. Rue -- His last Christmas / Joseph Leininger Wheeler.
=505  0\$av. 8 -- Introduction : "Mr.Currier and Mr. Ives" / Joseph Leininger Wheeler -- "A pint of judgement" / Elizabeth Morrow -- "The good things in life" / Arthur Gordon -- "Christmas in the heart" / Rachel Field -- "Why the chimes rang" / Raymond Macdonald Alden -- "Merry Christmas, Mrs. Marigold" / Edward H. Imme -- " Feels good in my heart" / Wendy Miller -- "A girl like me" / Nancy N. Rue -- " The beloved house" / Annie Hamilton Donnell -- "Special delivery!" / Margaret E. Sangster, Jr. -- "Homemade miracle" / Author Unknown -- "A Christmas story" / Von M. Inger -- "The lord gave the word" / Stefan Zweig -- "Hermeda sings a carol" / Author Unknown -- "There is magic in believing" / Marguerite Brunner -- "The Christmas room" / Gillette Jones -- "Legacy" / Joseph Leininger Wheeler.
=505  0\$av. 9 -- Introduction : Home for Christmas / Joseph Leininger Wheeler -- Waiting . . . waiting for Christmas / Elizabeth English -- His guiding star / Mary Agnes Jackman -- Holly at the door / Agnes Sligh Turnbull -- Christmas is for kids / Nancy N. Rue -- The bells didn't ring / Isabel T. Dingman -- A rose in winter / Jodi Detrick -- An ill wind / Frederick William Roe -- Carla's Christmas gift / Judith Wade -- Bulger's Friends / O. Henry -- The town that gave us joy / Marian Jeppson Walker -- The forgotten friend / Grace Livingston Hill -- How an unborn baby saved its mother's life / Joseph A. MacDougall, as told to Douglas How -- A Christmas experience / Author Unknown -- Like a candle in the window / Margaret E. Sangster, Jr. -- "City of Dreams" / Joseph Leininger Wheeler.
=505  0\$av. 10 -- Introduction : Anniversary / Joseph Leininger Wheeler -- The sheaf of grain / Bernadine Beatie -- A precious memory / D.T. Doig -- Lights of the Season / P.J. Platz -- Good will toward men / Harry Harrison Kroll -- No man need walk alone / Seth Parker -- Terry / Frank V. McMillan -- Secrets of the heart / Pearl S. Buck -- While shepherds watched / Adeline Sergeant -- Johnny Christmas / Author Unknown -- No room at the inn / Harriet Lummis Smith -- Star of wonder / Grace Linvingston Hill -- Good old Christmas Preferred / Anna Brownell Dunaway -- The second greatest Christmas story ever told / Thomas J. Burns -- The tree in the window / Margaret E. Sangster, Jr. -- Bobo and the Christmas spirit / Edith Ballinger Price -- White wings / Joseph Leininger Wheeler.
=505  0\$av. 11 -- Introduction : Serenity at Christmas / Joseph Leininger Wheeler -- And the two were made one / Dennis Eberhart -- This Christmas business / Margaret E. Sangster, Jr. -- In remembrance of me / Wilbur Hendricks -- Lipstick like Lindsay's / Gerald R. Toner -- At lowest ebb / Author Unknown -- Christmas love / Ellen Austin -- The Christmas doll / Author Unknown -- You are never too old / Myrtle Edna Rouse -- Two red apples / Author Unknown -- Angela's Christmas / Julia Schayer -- The best Christmas pageant ever / Barbara Robinson -- One to cherish / Lucy Parr -- The easter Christmas tree / Arlene Anibal, as told to Marilyn Tworog -- The Christmas stocking / Julie Rae Rickard -- The ragged red coat / Karen A. Williams -- Evensong / Joseph Leininger Wheeler.
=505  0\$av. 12 -- Introduction : Joseph's love story / Joseph Leininger Wheeler -- The kidnapped doll / Myrtle "Cookie" Potter -- Van Valken berg's Chritmas gift / Elizabeth G. Jordan -- Joyful and Triumphant / John McCain -- A love song for Christmas / D. T. Doig -- "Merry Christmas, Mr. Keene" / Jewell Johnson -- A song is born / Ruth Langland Holberg -- Santa Claus is kindness / Temple Bailey -- Our part of the circle / Joyce Reagin -- The family twinkle / Nancy N. Rue -- Christmas bread / Kathleen Norris -- The night of the blizzard / Lawrence J. Seyler, as told to sue Philipp -- The story of the field of angels / Florence Morse Kingsley -- The gift of the manger / Edith Barnard Delano -- Somewhere I'll Find You / Donald L. Deffner --Christmas sabbatical / Joseph Leininger Wheeler.
=505  0\$av. 13 -- Introduction : Christmas without Christ / Joseph Leininger Wheeler -- A white Christmas / Author Unknown -- Merry Christmas, Mrs. Moring / Henry Hurt -- The night the stars sang / Dorthy Canfield Fischer -- Christmas without Grandma Kay / Robin Jones Gunn -- And you shall receive / Louis Arthur Cunningham -- Colin's Christmas candle / Barbara Raftery -- The white shawl / Esther Chapman Robb -- The thin little lonely one / Annie Hamilton Donnell -- Memories of a golden night / Dorothea Allen McKemie -- Kitten of Bethlehem / Ruth C. Ikerman -- Empty Boxes / Author Unknown -- Surprise Christmas / Mary Geisler Phillips -- Our POW Christmas / Christine Helsby, as told by Ed Erny -- His Mother's Legacy / Eleanor Ingraham -- The rescue of Mr. Christmas / Josephine Cunnington Edwards -- How Dot heard the Messiah / Hezekiah Butterworth --A crowning gift / Harriet Lummis Smith -- The doll with no face / Kathleen Ruckman -- Let's go neighboring / Leah Neustadt -- Gracie's miserable merry Christmas / Margy Asher Gemmell -- "Road closed ahead!" / Connie Palmer Wheeler, as told to Joseph Leininger Wheeler.
=505  0\$av. 14 -- Introduction :  Time to stand up / Joseph Leininger Wheeler -- Christmas for elizabeth / Claire Jones -- A tree for benji / Harold Ivan Smith -- Sea anchor / Marjorie Yourd Hill -- A boy named john / Author Unknown -- The christmas wish / Arthur Gordon -- The night my father came home / Author Unknown -- A certain star / Pearl Buck -- Season of uncertainty / Nancy Rue -- The soft spot on B606 / Author Unknown -- The miracle of Christmas / Earl Reed Silvers -- Out of the air / Christine Whiting Parmenter --The gift that never was / Lanita Kampton -- The Christmas gift / Dorthy Boys Kilian -- There's a song in the air / Katherine Reeves -- By the fireplace / Joseph Leininger Wheeler.
=505  0\$av. 15 -- Introduction : Give of take / Joseph Leininger Wheeler -- If you're missing baby Jesus, call 1762 / Jean Gietzen -- Eric's gift / Deorah Smoot -- Forty dollars to spend / Shirley Seifert -- The Christmas pageant / Michael Lindvall -- The house that glowed / Arthur Maxwell -- "Please, sir I want to buy a miracle" / as told by Albert P. Stauderman -- O little flock / Temple Bailey -- A Christmas bargain in kisses / Author Unknown -- The secretary of the treasury plays Santa Claus / Sara L. Guerin -- Miracle at midnight / Camilla R. Bittle -- The forgotten Santa / Author Unknown -- The yule miracle / Albert Payson Terhune -- Little Alex / William L. Stidger -- Carla's Gift / Torey Hayden -- Posada / Joseph Leininger Wheeler.
=505  0\$av. 16 -- Introduction : Voices from the past / Joseph Leininger Wheeler -- When the wise man appeared / William Ashley Anderson -- Christmas in the street of memories / Elizabeth Rhodes Jackson -- Christmas in a pickle jar / Emily Buck -- The bus token / Leland Mayberry -- The layaway doll / Marlene Chase -- Petronella / Temple Bailey -- A song for Elizabeth / Robin Cole -- Flocks by night / Bruce Douglas -- A cake of pink soap / Author Unknown -- A very special present  Ingrid Tomey -- Bless the child / Isobel Stewart -- Star-spangles Christmas / Kathleen Norris -- Christmas carol / Margaret E. Sangster, Jr. -- On Christmas Eve / Helen Stokl -- The mansion / Henry Van Dyke -- Full circle / Lloyd Decker -- Even when nobody's home / Joseph Leininger Wheeler.
=505  0\$av. 17 -- Introduction : A St. Nicholas magazine Christmas / Joseph Leininger Wheeler -- President for one hour / Fred P. Fox -- Kane and Pard / Addison Howard Gibson -- In clean hay / Eric P. Kelly -- Where the Christmas tree grew / Mary Eleanor Wilkins Freeman -- Something for Aunt Jane / Elizabeth Flint Wade -- Santa Sylvia / T. Morris Longstreth -- Baby Deb "P'ays" for the Christmas goose / John Russell Coryell -- A snowbound Christmas / Frances Cole Burr -- Hetty's letter / Katharine Kameron -- A Substitute for mildred / Helen M. Girvan -- A random shot / Marion Hill -- The cherry-colored purse / Susan Fenimore Cooper -- Ermee's Christmas doll / Alice Josephine Johnson -- The snowbound Santa Claus / Izola L. Forrester -- Where journeys end / Beth Bradford Gilchrist.
=505  0\$av. 18 --  A cradle hymn / Isaac Watts -- Introduction : Simplicity at Christmas / Joseph Leininger Wheeler -- The magic of the season / Isobel Stewart -- Oren's Christmas present / Idona Hill -- So this is Christmas! / Temple Bailey -- The missionary barrel / Carolyn Abbot Stanley -- The Christmas rose / Marlene J. Chase -- Through the mike / Ruth Herrick Myers -- One Christmas eve / Frank Bennett -- Grandma Thomas'a three Christmas trees / Jean Jeffery Gietzen -- An exchange of gifts / Diane Rayner -- Empty heart / Claire Jones -- The rugged road / Margaret E. Sangster, Jr. / Plum pudding for prosperity / Marbel McKee -- A Christmas gift in prison / Author Unknown -- the Christmas substitute / Anna Sprague Packard -- And glory shone all around / Christine Whiting Parmenter - The clock of life / Joseph Leininger Wheeler.
=505  0\$av. 19 -- The faded Christmas tree / Margaret E. Sangster, Jr. -- Introduction: which was the gratest? / Joseph Leininger Wheeler -- The Christmas letter / Robert E. Johnson -- Patty's favorite doll / Jan Keller -- A carol for Katrusia / Annie B. Kerr -- A gift from Pa / Rian B. Anderson -- When they came / Nancy N. Rue -- A Christmas conscience / J. L. Harbour -- No party / Kathleen Norris -- Homecoming / Isobel Stewart -- Mrs. Hildebrandt's Christmas / Robert Smith -- A mislaid Uncle / E. Vinton Blake -- The Layette / Marlene J. Chase -- The philosopher's awakening / Mabel Lee Cooper -- A father for Christmas / Sue Kaufman -- The hollow tree / Margaret E. Sangster, Jr. -- Christmas eve on east point / Russell Gordon Carter -- A bride doll just for looking at / Connie Lounsbury -- Journey / Joseph Leininger Wheeler.
=505  0\$av. 20 -- Christmas carol / Sara Teasdale -- Introduction : Measuring our lives by our Christmases / Joseph Leininger Wheeler -- Joseph's coat / Jennie Harris Oliver -- Midnight in the stable / Elizabeth Goudge -- Bell of truth / Morgan Hill -- Santa Claus had red hair / Margaret E. Sangster, Jr. -- the little ole bus / Florence Latimer -- And evermore be merry / temple Bailey -- I can give him my heart / Elsi Dodge / Bright as a Christmas tree / Margaret Weymouth Jackson -- A Christmas in the East Bronx / Penelope hope -- Hope / Mike Huckabee -- Midnight dreams / David t. Doig -- Happiness for sale / Grace Noll Crowell -- For value received / Christine Whiting Parmenter -- Something to celebrate / Isobel Stewart -- Message in a book / Joseph Leininger Wheeler.
=505  0\$av. 21 -- Good news on Christmas morning/ Mary Mapes Dodge -- Introduction : Calling on all Christmas in my heart completists / Joseph Leininger Wheeler -- The Christmas quest / Temple Bailey -- Uncle Kees' Christmas rebellion / Pierre van Paassen -- Bim Rogers - Santa Claus! / Charles G. Muller -- Ornament of grace / Virginia A. Johnson -- Fifteen for Christmas / Lola Lamoreux -- Peter Peter / Lawrence York -- A very special gift / Leslie Peters -- Christmas gift / Lucy Agnes Hancock -- The magic key / Harriet LaBarre -- The candle / Willem Brandt -- Star of hope / Katharine Swartz -- The Christmas inn / Ella F. Mosby -- The empty box / Jill Hoefler -- Christmas in the heart / Isobel Stewart -- Going home for Christmas / Joseph Leininger Wheeler.
=505  0\$av. 22 --  The song of the magi / Edwin Markham -- Introduction : A child looks at Christmas / Joseph Leininger Wheeler -- Our little lamb / Cath Delaney -- The gift of joy / Pearl S. Buck -- The season's greetings / Margaret Weymouth Jackson -- Christmas Emergency / Ann Howard -- Christmas on dock street / Seth Harmon -- Lesson in a stable / Clarence S. Hill -- Think Big / Elizabth F. Noon -- Happy Miracle / Charles G. Muller -- When Polly Ann played Santa Claus / Eleanor H. Porter -- The big Christmas present / Eleanor Hoyt Brainerd -- Christmas express / B. J. Chute -- Barby / Persis Gardiner -- The man who had nothing to give / Marie Harmon -- Once upon a time / Christine McKerrell -- Yesterday, today, and tomorrow / Joseph Leininger Wheeler.
=505  0\$av. 23 -- The Christmas tree remembers / Faith Baldwin -- Introduction : Psst! I'm giving away all my secrets / Joseph Leininger Wheeler -- Two Christmas mornings of the great war / Edward Hulse and Wilfrid Ewart -- Santa for certain / Earl Reed Slvers -- The gift / Bruce R. Coston -- Father Carter and the herd of elephants / Pat Thornborough -- The Crinoline Lady of March Manor / Irma Hegel -- Flight of the second section / Edward S. Marshall -- The children who played with the manger / Ione Haynes Keen -- The return of Christmas / Marlene chase -- the Christmas doll / Jeanne Bottroff -- Christmas at Bethlehem / Anna Brownell Dunaway -- Sweet singing in the choir / Deborah Siepmann -- Twenty acres for Christmas / F. McKinnon Morton -- The monkey manufacturing company / Harold D. Robinson -- Personal Delivery / Gail Courtney Rittgers -- A Christmas triumph / Frances Lewis -- Because of Christmas / Phyllis Naylor -- The tides of life / Joseph Leininger Wheeler.
=505  0\$av. 24 -- Holy night / Catherine Parmenter -- Introduction : Our top twenty Christmas stories / Joseph Leininger Wheeler -- A wood crowns the waters / Eric Philbrooks Kelly -- Little Cherry's star / G. W. Farley - The Christmas kink / Lucille Adams -- Flight before Christmas / John Scott Douglas -- Denny's Christmas revelation / Faith Freeborn Turner -- The belated Christmas train / William McGinnies -- Joy to the world / Mary Russell -- The lighted path / Temple Bailey -- Let nothing you dismay / Ruth P. Harnden -- A warmth in her heart / Goldie Down -- The lost child / retold by Marbel Lee Cooper -- Celestial Roots / Thomas Vallance -- A story for Christmas / Jody Shields -- The baby camel that walked to Jesus / Walter A. Dyer -- Choices / Isobel Stewart -- The dream catcher / Joseph Leininger Wheeler.
=505  0\$av. 25 --  The stars that shine on Christmas night / Elizabeth Carter -- Introduction : Mother would be so proud / Joseph Leininger Wheeler -- Only seven days until Christmas / Anna McClure Sholl -- Matters of the heart / Janice Hermansen -- Christmas shopping trip / Kathern Buckley -- Poinsettias would be best / Eileen Herbert Jordan -- A Christmas invitation / Helen H. Trutton -- Skookum blue / John Paul Kilmer, as told by Louia Cottrell -- The angel said / Olive Rambo Cook -- Star in the east / Nelia Gardner White -- Christmas choice / Nora Ann Kuekn -- Shopping with grandmother Minton / Daisy Crabbe Curtis -- the farthest hill / Maxine Lane -- Christmas in Peter's garden / Blanche Bayliss -- Good will toward men / Betsey Mann Collins -- The Christmas she'd never forget / Elizabeth Eicher -- An Amtrak White Christmas / Joseph Leininger Wheeler.
=650  \0$aChristmas stories, American.
=700  1\$aWheeler, Joe L.,$d1936-$ecompiler,$eeditor.
=583  \\$acat$c20090708$krsb$5UPB
=596  \\$a1
=926  \\$aLEE$bLEE-LIB$cPS 648 .C45 C447 1992 vol.17$dBOOK$f1

