=LDR  02056cam a2200421 a 4500
=001  a849436
=001  DAX7726
=003  SIRSI
=008  870925s1988\\\\nyu\\\\\\b\\\\00100\eng\\
=010  \\$a   87027464 /AC
=020  \\$a1555460372 (alk. paper) :$c{dollar}19.95
=035  \\$a(MARC)
=035  \\$a(MARCcat)
=035  \\$a(OCoLC)ocn369815478
=040  \\$dUPB
=050  00$aPS3509.L43$bM9 1988
=079  \\$aocm16986056
=082  0\$a822/.912$219
=245  00$aT.S. Eliot's Murder in the cathedral /$cedited and with an introduction by Harold Bloom.
=260  \\$aNew York :$bChelsea House,$c1988.
=300  \\$avii, 150 p. ;$c25 cm.
=336  \\$atext$2rdacontent
=337  \\$aunmediated$2rdamedia
=338  \\$avolume$2rdacarrier
=440  \0$aModern critical interpretations
=500  \\$aIncludes index.
=500  \\$aSpine title: Murder in the cathedral.
=504  \\$aBibliography: p. 141-142.
=505  0\$aThe theological scene / Francis Fergusson -- The language of drama / Helen Gardner -- The saint as tragic hero / Louis L. Martz -- The new rhythm / Carol H. Smith -- Eliot and the living theatre / Katharine Worth -- Fear in the way / Michael Goldman -- The pain of purgatory / David Ward -- Poetic drama / Stephen Spender -- The countersacramental play of signs / Michael T. Beehler -- A "liturgy less divine" / Robert W. Ayers -- Murder in the cathedral and the saint's play tradition / Clifford Davidson.
=596  \\$a1
=600  10$aEliot, T. S.$q(Thomas Stearns),$d1888-1965.$tMurder in the cathedral.
=600  00$aThomas,$cà Becket, Saint,$d1118?-1170$xIn literature.
=700  1\$aBloom, Harold.
=959  \\$acat:d:gik
=988  \\$a2/15/1989$b2/27/1995$c7/15/1988
=989  \\$aPS 3509 .L43 M9 1988$wLC$hhbll$i31197202681042$d11/22/1995$n6$o.COMMENT. t; obnad; H05669; 07/01/88; {dollar}18.66; MR CAD8307; sepw/tr.$51/1
=989  \\$aPS 3509 .L43 M9 1988$wLC$hhbll$i31197202681042$d11/22/1995$n6$o.COMMENT. t; obnad; H05669; 07/01/88; {dollar}18.66; MR CAD8307; sepw/tr.$51/1
=926  \\$aLEE$bLEE-LIB$cPS 3509 .L43 M9 1988$dBOOK$f1

