=LDR  01885cam a2200505 a 4500
=001  a954178
=003  SIRSI
=008  890530s1986\\\\caua\\\\\b\\\\00110\eng\\
=010  \\$a   85060874
=020  \\$a0155037633
=035  \\$a(RLIN)UTBG89-B12575
=035  \\$a(OCoLC)ocn135108627
=040  \\$aDLC$beng$cDLC$dCStRLIN$dUPB
=050  00$aN5300$b.G25 1986
=079  \\$aocm13227331
=082  00$a709$219
=090  \\$aN5300$b.G25 1986$i05/30/89 CTZ
=100  1\$aGardner, Helen,$d1878-1946.
=240  10$aArt through the ages
=245  10$aGardner's art through the ages.
=250  \\$aEighth edition /$bHorst de la Croix, Richard G. Tansey ; [new illustrations by Felipe Fernandez]
=260  \\$aSan Diego :$bHarcourt Brace Jovanovich,$c[1986], ©1986.
=300  \\$axii, 1008 pages :$billustrations (some color) ;$c29 cm
=336  \\$atext$btxt$2rdacontent
=337  \\$aunmediated$bn$2rdamedia
=338  \\$avolume$bnc$2rdacarrier
=500  \\$aCover title: Art through the ages.
=504  \\$aIncludes bibliographical references (p. 984-991) and index.
=596  \\$a1
=650  \0$aArt$xHistory.
=700  1\$aDe la Croix, Horst.
=700  1\$aTansey, Richard G.
=740  01$aArt through the ages.
=988  \\$a6/16/1989$c6/16/1989
=583  \\$c20110606$kmjf$lDamaged:yellow highlighter$5UPB
=583  \\$c20120124$kagr$lDamaged:pencil$e31197203863813$5UPB
=950  \\$lJERF$i05/30/89 C
=955  \\$lJERF$c1$i05/30/89 C
=989  \\$aN 5300 .G25 1986$wLC$hjerf$51/0
=989  \\$aN 5300 .G25 1986$wLC$hhbll$i31197203863813$d2/10/1998$n5$o.COMMENT. CAT FOR WORLD CLASSICS ; ADDN'L COPY$q5$52/1
=989  \\$aN 5300 .G25 1986$wLC$hlond$53/0
=989  \\$aN 5300 .G25 1986$wLC$hjerf$51/0
=926  \\$aLEE$bLEE-LIB$cN 5300 .G25 1986$dBOOK$f1
=926  \\$aLEE$bJERUSALEM$cN 5300 .G25 1986$dBOOK$f2
=926  \\$aLEE$bLONDON$cN 5300 .G25 1986$dBOOK$f3

