=LDR  01198cam a2200349 a 4500
=001  a604553
=001  ADM8463
=003  SIRSI
=008  850826s1985\\\\xxu\\\\\\\\\\\00010aeng\d
=035  \\$a(RLIN)UTBG85-B41779
=035  \\$a(OCoLC)ocn135438728
=040  \\$aUPB$cUPB
=079  \\$aocm15073455
=090  \\$bBX8670.1.N6621985$i10/22/85 CT
=100  1\$aNoall, Matthew,$d1864-1950.
=245  14$aThe life and missionary journals of Matthew Noall, 1864-1950 and his wife, Elizabeth DeEtte Laker /$ccompiled and typed by Helen R. Gardner and Alice Gardner.
=260  \\$a[United States :$bPublisher not identified,$c1985]
=300  \\$a27, 459 p. :$bill., maps, ports. ;$c29 cm.
=336  \\$atext$2rdacontent
=337  \\$aunmediated$2rdamedia
=338  \\$avolume$2rdacarrier
=596  \\$a9
=600  10$aNoall, Matthew,$d1864-1950.
=600  10$aLaker, Elizabeth DeEtte.
=700  1\$aGardner, Helen R.
=700  1\$aGardner, Alice.
=988  \\$a3/21/1986$c3/21/1986
=989  \\$aBX8670.1 .N662 1985$wLC$hame$51/0
=950  \\$lAME$i10/22/85 C
=950  \\$lCHU$i10/22/85 C
=955  \\$lAME$c1$q85-B41779-1$qrr$i10/22/85 C
=926  \\$aSPEC-COLL$bAME$cBX 8670.1 .N662 1985$dAMERICANA$f1

