=LDR  01219cam a2200373 a 4500
=001  a134471
=003  SIRSI
=008  820305s1982\\\\mau\\\\\\b\\\\00110\eng\\
=010  \\$a   81006233
=020  \\$a0674445422
=035  \\$a(RLIN)UTBG82-B10605
=035  \\$a(OCoLC)ocn135303500
=039  0\$a2$b3$c3$d3$e3
=050  0\$aPN85$b.G34
=079  \\$aocm07552444
=082  0\$a809$219
=090  \\$aPN85$b.G34$i05/19/82 CT
=100  1\$aGardner, Helen,$d1908-1986
=245  10$aIn defence of the imagination /$cHelen Gardner.
=260  \\$aCambridge, Mass. :$bHarvard University Press,$c1982.
=300  \\$avii, 197 p. ;$c22 cm.
=336  \\$atext$2rdacontent
=337  \\$aunmediated$2rdamedia
=338  \\$avolume$2rdacarrier
=490  1\$aThe Charles Eliot Norton lectures ;$v1979-80
=504  \\$aIncludes bibliographical references and index.
=650  \0$aCriticism.
=650  \0$aLiterature$xHistory and criticism.
=830  \0$aCharles Eliot Norton lectures ;$v1979-1980.
=950  \\$lMAN$i05/19/82 C
=955  \\$lMAN$c1$q82-B10605-1$qinv. #B15844427$r6136110$i05/19/82 C
=989  \\$aPN85 .G34$wLC$hhbll$i31197006136110$d4/14/1993$n5$51/1
=596  \\$a1
=926  \\$aLEE$bLEE-LIB$cPN 85 .G34$dBOOK$f1

