=LDR  01261cam a2200385 i 4500
=001  a55477
=003  SIRSI
=008  790911s1980\\\\enka\\\\\\\\\\01000\eng\\
=010  \\$a   79040839
=015  \\$aGB80
=020  \\$a0198120931 :$c£8.50
=035  \\$a(RLIN)UTBG17234522-B
=035  \\$a(OCoLC)ocn338853934
=040  \\$dCSt
=043  \\$ae-uk---
=050  0\$aPR424$b.E5
=079  \\$aocm05492439
=082  \\$a820/.9/003
=090  \\$i07/22/80 CT$aPR424$b.E5
=245  00$aEnglish Renaissance studies presented to Dame Helen Gardner in honour of her seventieth birthday /$c[edited by John Carey].
=260  \\$aOxford :$bClarendon Press ;$aNew York :$bOxford University Press,$c1980.
=300  \\$aviii, 304 p. :$bill. ;$c23 cm.
=336  \\$atext$2rdacontent
=337  \\$aunmediated$2rdamedia
=338  \\$avolume$2rdacarrier
=650  \0$aEnglish literature$yEarly modern, 1500-1700$xHistory and criticism.
=600  10$aGardner, Helen,$d1908-1986
=700  1\$aGardner, Helen,$d1908-1986
=700  1\$aCarey, John,$d1934-
=999  \\$aBK
=950  \\$i07/22/80 C$lMAN
=955  \\$i07/22/80 C$a1$r3254080
=989  \\$aPR424 .E5$wLC$hhbll$i31197003254080$d10/13/1997$n13$q2$51/1
=596  \\$a1
=926  \\$aLEE$bLEE-LIB$cPR424 .E5$dBOOK$f1

