=LDR  05842cjm a2200517 a 4500
=001  a302158
=003  SIRSI
=007  sdubsmennnnnn
=008  840716s1980\\\\nyucy\\\\i\\\\\\\0\\eng\d
=028  02$aRD4-152$bRCA/Reader's Digest
=028  02$aRD4-152$bRCA Custom
=028  02$aRDA-152/A$bReader's Digest
=035  \\$a(RLIN)UTBG84-R331
=035  \\$a(OCoLC)ocn135238678
=040  \\$aUPB$cUPB
=043  \\$an-us-ny
=079  \\$aocm18916723
=090  \\$b33/12#14297$i01/31/86 CT
=245  00$aEasy listening country.
=264  \1$aNew York :$bReader's Digest/RCA Records,$c1980.
=264  \4$a©1980$c℗ 1980
=300  \\$a8 audio discs. :$banalog, 33 1/3 rpm, stereo ;$c12 in.
=336  \\$aperformed music$2rdacontent
=337  \\$aaudio$2rdamedia
=338  \\$aaudio disc$2rdacarrier
=490  1\$aReader's Digest Pleasure Programmed.
=511  0\$aCountry music; performed by various instrumentalists and vocalists.
=500  \\$aProgram notes (11 p.) inserted in container.
=505  00$aRecord 1, Easy listening gold, Side 1 : $tSouthern nights /$rGlen Campbell -- $tDon't it make my brown eyes blue /$rCrystal Gayle -- $tBefore the next teardrop falls /$rFreddy Fender -- $tGalveston /$rGlen Campbell -- $tYou needed me /$rAnne Murray -- Side 2 : $tSleeping single in a double bed /$rBarbara Mandrell -- $tHoney /$rBobby Goldsboro -- $tKiss an agnel good mornin' /$rCharley Pride -- $tAmos Moses /$rJerry Reed -- $tRhinestone Cowboy /$rGlen Campbell.
=505  00$aRecord 2, Side 1, Country guys : $t(I'd be a) legend in my time /$rRonnie Milsap -- $tSay it again /$rDon Williams -- $tShe called me baby /$rCharlie Rich -- $tI love you drops /$rBill Anderson and his Po' boys -- $tRocky /$rDickey Lee -- $tMisty blue /$rEddy Arnold -- Side 2, Country gals : $tLove is like a butterfly /$rDolly Parton -- $tI'll get over you /$rCrystal Gayle -- $tI can't help it (if I'm still in love with you) /$rLinda Ronstadt -- $tI'm not Lisa /$rJessi Colter -- $tBlanket on the ground /$rBillie Jo Spears.
=505  00$aRecord 3, Side 1, Twice as easy on the ears : $tYoung love /$rConnie Smith and Nat Stuckey -- $tYou don't bring me flowers /$rJim Ed Brown and Helen Cornelius -- $tThe door is always open /$rDave & Sugar -- $tAll I have to do is dream /$rBobbie Gentry and Glen Campbell -- $tLet it be me /$rJimmy Dean and Dottie West -- Side 2, Easygoing instrumentals : $t(Hey won't you play) another -- $tSomebody done somebody wrong song /$rDanny Davis and the Nashville Brass -- $tEl Paso /$rChet Atkins -- $tOh, lonesome me /$rKossi Gardner -- $tLa Paloma /$rRoy Clark -- $tBlue bayou /$rFloyd Cramer -- $tLet me be there /$rDanny Davis and the Nashville Brass.
=505  00$aRecord 4, Side 1, Ballads on the blue side : $tI don't see me in your eyes anymore /$rCharlie Rich -- $tThe most beautiful girl /$rJoe Stampley -- $tWasted days and wasted nights /$rFreddy Fender -- $tHelp me make it through the night /$rCharley Pride -- $tBehind closed doors /$rRonnie Milsap -- Side 2, Ballads on the bright side : $tPure love /$rRonnie Milsap -- $tFunny face /$rDonna Fargo -- $tPut a little lovin' on me /$rBobby Bare -- $tIt's a cowboy lovin' night /$rTanya Tucker -- $tYou're my best friend /$rDon Williams.
=505  00$aRecord 5, Side 1, Never-ending songs of love : $tLove songs /$rAnne Murray -- $tIf you can touch her at all /$rWillie Nelson -- $tNever-ending song of love /$rDickey Lee -- $tI will always love you /$rDolly Parton -- $tTill the rivers all run dry /$rDon Williams -- Side 2, Country sunshine : $tThe happiest gift in the whole U.S.A. /$rDonna Fargo -- $tSunny day girl /$rGlen Campbell -- $tCountry sunshine /$rDottie West -- $tLittle green apples /$rBobby Goldsboro -- $tSnowbird /$rAnne Murray.
=505  00$aRecord 6, Side 1, Softly sentimental : $tGreen, green grass of home /$rCharley Pride -- $tFunny how time slips away /$rWillie Nelson with Danny Davis and The Nashville brass -- $tMy life /$rBill Anderson and his Po' boys -- $tBring back my yesterday /$rGlen Champbell -- $tFor the good times /$rChet Atkins -- $tAutumn of my life /$rBobby Goldsboro -- Side 2, Country music U.S.A. : $tBy the time i get to Phoenix /$rBobby Goldsboro -- $tThe night Atlanta burned /$rThe Atkins string company -- $tTennessee waltz /$rAnne Murray -- $tDetroit city /$rMel Tillis -- $tWichita lineman /$rEddy Arnold.
=505  00$aRecord 7, Side 1, Ramblin easy : $tRamblin' Rose /$rEddy Arnold -- $tKing of the road /$rJerry Reed, guitar, with The Nashville sound -- $tGentle on my mind /$rGlen Campbell -- $tAbilene /$rGeorge Hamilton IV -- $tTake me home, country roads /$rDickey Lee -- Side 2, Inspirational favorites : $tEverything is beautiful /$rTennessee Ernie Ford -- $tAmazing grace /$rFloyd Cramer, his orchestra and chorus -- $t(There'll be) Peace in the valley (for me) /$rThe Old village choir -- $tJust a closer walk with thee /$rRoy clark -- $tPut your hand in the hand /$rAnne Murray.
=505  00$aRecord 8, For old-times sake, Side 1 : $tWelcome to my world /$rJim Reeves -- $tThe three bells /$rThe Browns -- $tStill /$rBill Anderson with his Po' boys -- $tMidnight /$rRed Foley -- $tFraulein /$rBobby Helms -- Side 2 : $tI can't stop loving you /$rDon Gibson -- $tShe's got you /$rPatsy Cline -- $tTake good care of her /$rSonny James -- $tSlow Poke /$rPee Wee King -- $tGone /$rFerlin Husky -- $tWhat's he doin' in my world /$rEddy Arnold.
=596  \\$a7
=650  \0$aPopular music$zUnited States.
=655  \7$aCountry music.$2lcgft
=655  \7$aLong-playing records.$2aat
=710  2\$aReader's Digest Association.
=988  \\$a5/1/1986$c5/1/1986
=950  \\$lPHO$i01/31/86 C
=955  \\$lPHO$c1$q84-R331-1$qjb$r122532754$i01/31/86 C
=989  \\$aLP 14297$wOTHER$hlrc, rec$i31197122532754$51/1
=926  \\$aMUSIC$bMUSIC-MRA$cReader's Digest RDA-152/A$dRECORD$f1

