=LDR  01443cam a2200421 a 4500
=001  a288826
=003  SIRSI
=008  841108s1980\\\\nyua\\\\\b\\\\00110\eng\\
=010  \\$a   79065963 //r83
=020  \\$a0155037587
=035  \\$a(NRN)ABG4726
=035  \\$a(RLIN)UTBG84-B51601
=035  \\$a(OCoLC)ocn135129625
=040  \\$aDLC$beng$cDLC$dUPB$dUPB
=050  00$aN5300$b.G25 1980
=079  \\$aocm05917900
=082  00$a709
=090  \\$aN5300$b.G25 1980$i12/06/89 RT
=100  1\$aGardner, Helen,$d1878-1946.
=240  10$aArt through the ages.
=245  10$aGardner's Art through the ages /$crevised by Horst de la Croix and Richard G. Tansey.
=250  \\$aSeventh edition.
=260  \\$aNew York :$bHarcourt Brace Jovanovich,$c1980.
=300  \\$axiii, 922 pages :$billustrations (some color) ;$c29 cm
=336  \\$atext$btxt$2rdacontent
=337  \\$aunmediated$bn$2rdamedia
=338  \\$avolume$bnc$2rdacarrier
=504  \\$aIncludes bibliographical references (p. 897-903)
=596  \\$a1
=650  \0$aArt$xHistory.
=700  1\$aDe la Croix, Horst.
=700  1\$aTansey, Richard G.
=740  0\$aArt through the ages.
=988  \\$a12/20/1989$c12/20/1989
=583  \\$c20110623$kmjf$lDamaged:black pen, pencil$5UPB
=955  \\$lMAN$c1$q84-B51601-2$qP 08813$r119209317$h08/14/85 C
=989  \\$aN 5300 .G25 1980$wLC$hhbll$i31197119209317$d6/23/1998$n31$q13$51/1
=926  \\$aLEE$bLEE-LIB$cN 5300 .G25 1980$dBOOK$f1

