=LDR  01518cam a2200349 a 4500
=001  a3663382
=003  SIRSI
=008  730102t19791972nyu\\\\\\b\\\\001\0\eng\d
=035  \\$a(OCoLC)ocn373684784
=040  \\$aUPB$cUPB
=050  04$aPR1174$b.G3 1979
=079  \\$aocm00548375
=082  00$a821/.008
=245  04$aThe new Oxford book of English verse, 1250-1950 /$cchosen and edited by Helen Gardner.
=250  \\$a500th anniversary ed.
=260  \\$aNew York :$bOxford University Press [i.e., Franklin Library],$c1972$g(1979 printing).
=300  \\$axii, 974 p. ;$c23 cm.
=336  \\$atext$2rdacontent
=337  \\$aunmediated$2rdamedia
=338  \\$avolume$2rdacarrier
=490  0\$aThe Oxford books of verse
=500  \\$a"The Anniversary edition of the Oxford reference classics of the English language is issued by the Franklin Library in commenoration of the 500th anniversary of the Oxford University Press"-- 1st prelim. page.
=500  \\$a"The edition is limited to 7,500 sets, of which this is number 1131."
=504  \\$aIncludes bibliographical references (p. 946-953) and indexes.
=596  \\$a9
=655  \0$aEnglish poetry.
=700  1\$aGardner, Helen,$d1908-1986
=583  \\$acat$c20061017$ksjp$5UPB
=590  \\$aGilt fore edges.
=590  \\$aBound in original black leather, with ornamental gilt design on upper and lower cover. Letting and design on panels stamped in gilt on spine.
=945  \\$aGeorgia White;$d10/17/2006.
=926  \\$aSPEC-COLL$bSPEC-REF$cPR 1174 .G3 1979$dNON-CIRC$f1

