=LDR  01255cam a2200409 i 4500
=001  a5090
=003  SIRSI
=008  770920s1978\\\\enkf\\\\\b\\\\00010\eng\\
=010  \\$a   77030283
=015  \\$aGB78
=020  \\$a0198127456 :$c£10.00
=035  \\$a(RLIN)UTBG10361278-B
=035  \\$a5346850
=035  \\$a(OCoLC)ocn338288716
=040  \\$dUPB
=050  0\$aPR2246$b.G26 1978
=079  \\$aocm03327073
=082  \\$a821/.3
=090  \\$aPR2246.G26 1978
=100  1\$aDonne, John,$d1572-1631.
=240  10$aPoems
=245  14$aThe divine poems /$cJohn Donne ; edited with introd. and commentary by Helen Gardner.
=250  \\$a2d ed.
=260  \\$aOxford [Eng.] ;$aNew York :$bClarendon Press,$c1978.
=300  \\$axcviii, 158 p., [1] leaf of plates :$bill. ;$c23 cm.
=336  \\$atext$2rdacontent
=337  \\$aunmediated$2rdamedia
=338  \\$avolume$2rdacarrier
=490  00$aOxford English texts
=500  \\$aBibliographical references.
=700  1\$aGardner, Helen,$d1908-1986
=583  \\$c20150323$khaa$lDamaged:pencil$5UPB
=950  \\$lMAN$hCAT$i04/16/79
=955  \\$aC.1
=989  \\$aPR 2246 .G26 1978$wLC$hhbll$i31197005346850$d8/11/1995$n30$q5$51/1
=596  \\$a1
=926  \\$aLEE$bLEE-LIB$cPR 2246 .G26 1978$dBOOK$f1

