=LDR  01084cam a2200337 i 4500
=001  a25068
=003  SIRSI
=008  780615s1977\\\\enk\\\\\\b\\\\00010\eng\\
=010  \\$a   78313482
=015  \\$aGB77-22804
=020  \\$a0571110487 :$c£9.50
=035  \\$a(RLIN)UTBG12450596-B
=035  \\$a330297
=035  \\$a(OCoLC)ocn331065327
=050  0\$aPS3509.L43$bF646
=079  \\$aocn328011218
=082  \\$a821/.9/12
=090  \\$aPS3509.L43F646
=100  1\$aGardner, Helen,$d1908-1986
=245  14$aThe composition of Four quartets /$cHelen Gardner.
=260  \\$aLondon ;$aBoston :$bFaber,$c1977.
=300  \\$aviii, 239 p. ;$c24 cm.
=336  \\$atext$2rdacontent
=337  \\$aunmediated$2rdamedia
=338  \\$avolume$2rdacarrier
=504  \\$aIncludes bibliographical references.
=600  10$aEliot, T. S.$q(Thomas Stearns),$d1888-1965$xTechnique.
=600  10$aEliot, T. S.$q(Thomas Stearns),$d1888-1965.$tFour quartets.
=989  \\$aPS 3509 .L43 F646$wLC$hhbll$i31197000330297$d9/3/1997$n18$q6$51/1
=596  \\$a1
=926  \\$aLEE$bLEE-LIB$cPS 3509 .L43 F646$dBOOK$f1

