=LDR  02325nam a2200373Ii 4500
=001  ocn367933670
=003  OCoLC
=005  20200424164455.0
=007  hd\afu---buuu
=008  960611r19571955utuachj\a\\\\\000\0ceng\d
=040  \\$aUHi$beng$erda$cUBY$dOCLCQ$dOCLCO$dOCLCQ$dOCLCF$dUBY
=035  \\$a(OCoLC)367933670
=100  1\$aJones, Helen Gerber,$d1908-1994,$eauthor.
=245  10$aMemory book of Moroni Gerber and Emily Jane Jacob /$cby Helen Gerber Jones.
=264  \1$a[Provo, Utah :$bBrigham Young University Photography,$c1957]
=300  \\$a98 pages :$billustrations, portraits, facsimiles, genealogical table ;$c25 cm
=336  \\$atext$btxt$2rdacontent
=337  \\$amicroform$bh$2rdamedia
=338  \\$amicrofilm reel$bhd$2rdacarrier
=500  \\$aCover title.
=500  \\$aPreface signed by Helen G. Jones and Janet G. Bingham.
=505  0\$aHugh and Jean Maitland Clotworthy -- Norton and Emily Heaton Jacob -- Lucian Heaton and Janet Clotworthy -- Dr. John Gerber and his 4th wife Anna Maria Ackeret -- Moroni and Emily Jane Jacob Gerber -- Tithing as taught in the Gerber home -- Janet Gerber and George S. Bingham -- Mabel Gerber and William Ralph Hacking -- Jean Gerber and Ellis Merkley -- Florence Gerber and Gilbert W. Richardson -- Irvin and Aurilla McKee Gerber -- Stella Gerber and E. Ray Gardner -- E. Lyman, Cornelia Hanks and Minnie Hickson Gerber -- Fern Elizabeth Gerber and Bertrand Swain -- Hugh Jacob and Edna Elmer Gerber -- John Wendell and Mary Horrocks Gerber -- Helen Gerber and Frank W. Jones -- Monument built to honor John Gerber -- Moroni Gerber's mission -- Mountains -- Faith promoting experiences --Incidents from the life of Moroni Gerber.
=533  \\$aMicrofilm.$b[Provo, Utah] :$cBrigham Young University Photography,$d[1957]$epositive, 35 mm.$nMicrofilm copy of original.
=534  \\$pOriginally published:$cSalt Lake City, Utah : Gerber Family, 1957.
=583  \\$acat$bmicrofilm$c20200424$kmtp$5UPB
=600  10$aGerber, Moroni,$d1856-1944.
=600  30$aGerber family.
=600  10$aJacob, Emily Jane,$d1862-1915.
=655  \0$aMicrofilms.
=655  \7$aBiographies.$2lcgft
=583  \\$arev$bmicroform transfer to SCM number$c20100601$krcf$5UPB
=590  \\$aFormerly in film call number: 920 no. 12.
=596  \\$a9
=926  \\$aSPEC-COLL$cSCM 255 Item 3$fNONE

