=LDR  01690cam a2200469 i 4500
=001  a605226
=003  SIRSI
=008  850906s1975\\\\nyuaf\\\\b\\\\00100\eng\\
=010  \\$a   74022995
=020  \\$a0155037536
=035  \\$a(RLIN)UTBG85-B43278
=035  \\$a(OCoLC)ocn135448084
=040  \\$aDLC$beng$cDLC$dUPB
=050  00$aN5300$b.G25 1975
=079  \\$aocm03255245
=082  00$a709
=090  \\$aN5300$b.G25$i12/09/85 T$h09/06/85 T
=100  1\$aGardner, Helen,$d1878-1946.
=240  10$aArt through the ages
=245  10$aGardner's Art through the ages.
=250  \\$aSixth edition /$brevised by Horst de la Croix & Richard G. Tansey.
=260  \\$aNew York :$bHarcourt Brace Jovanovich,$c[1975]
=300  \\$axiii, 959 pages, 56 unnumbered leaves of plates :$billustrations (some color) ;$c27 cm.
=336  \\$atext$btxt$2rdacontent
=337  \\$aunmediated$bn$2rdamedia
=338  \\$avolume$bnc$2rdacarrier
=504  \\$aIncludes bibliographical references (p. 918-929) and index.
=596  \\$a1
=650  \0$aArt$xHistory.
=700  1\$aDe la Croix, Horst.
=700  1\$aTansey, Richard G.
=740  \1$aArt through the ages.
=977  \\$aN 5300 .G25
=988  \\$a3/21/1986$c3/21/1986
=583  \\$c20130319$khaa$lDamaged:pencil, salmon highlighting brackets$5UPB
=583  \\$c20140509$khaa$lDamaged:yellow highlighter$5UPB
=955  \\$lMAN$c1$h09/06/85 C
=989  \\$aN 5300 .G25$wLC$hhbll$i31197203253668$d12/8/1997$n25$o.COMMENT. YW 57,93$q4$51/1
=926  \\$aLEE$bLEE-LIB$cN 5300 .G25$dBOOK$f1
=926  \\$aLEE$bLEE-LIB$cN 5300 .G25$dBOOK$f2
=926  \\$aLEE$bLEE-LIB$cN 5300 .G25$dBOOK$f3
=926  \\$aLEE$bHUM-REF$cN 5300 .G25$dREF-BOOK$f4

