=LDR  00912nam a22003011  4500
=001  a2113136
=001  DGL6364
=003  SIRSI
=008  970116s1973\\\\utuabcj\\\\\\\000\0ceng\d
=035  \\$aspec recon
=035  \\$a(OCoLC)ocn368216328
=040  \\$aUPB$cUPB
=079  \\$aocn365135498
=100  1\$aGardner, Helen Richards.
=245  10$aSimon Noall, 1822-1896; :$bsome of his ancestors and descendants.
=260  \\$aLogan, Utah :$bUnique Printing,$c1973.
=300  \\$a90 p. :$bill., geneal. tables, maps, ports. ;$c29 cm.
=336  \\$atext$2rdacontent
=337  \\$aunmediated$2rdamedia
=338  \\$avolume$2rdacarrier
=504  \\$aBibliography: p. 84.
=596  \\$a9
=600  10$aNoall, Simon,$d1822-1896.
=600  30$aNoall family.
=959  \\$aca:spec recon
=988  \\$a1/16/1997$c1/16/1997
=989  \\$aBX 8670.1 .G173s$wLC$hame$51/0
=926  \\$aSPEC-COLL$bAME$cBX 8670.1 .G173s$dAMERICANA$f1

