=LDR  00926nam a22003011  4500
=001  a2113128
=001  DGL6356
=003  SIRSI
=008  970116s1973\\\\utuacgj\\\\\\\000\0ceng\d
=035  \\$aspec recon
=035  \\$a(OCoLC)ocn368215914
=040  \\$aUPB$cUPB
=079  \\$aocn365128399
=100  1\$aGardner, Helen Richards.
=245  10$aLevi Richards, 1799-1876; :$bsome of his ancestors and descendants.
=260  \\$aLogan, Utah :$bUnique Printing,$c1973.
=300  \\$a181 p. :$bill., geneal tables, music, ports. ;$c29 cm.
=336  \\$atext$2rdacontent
=337  \\$aunmediated$2rdamedia
=338  \\$avolume$2rdacarrier
=504  \\$aBibliography:  p. 180-181.
=596  \\$a9
=600  10$aRichards, Levi,$d1799-1876.
=600  30$aRichards family.
=959  \\$aca:spec recon
=988  \\$a1/16/1997$c1/16/1997
=989  \\$aBX 8670.1 .G173L$wLC$hame$51/0
=926  \\$aSPEC-COLL$bAME$cBX 8670.1 .G173L$dAMERICANA$f1

