=LDR  01343cam a2200421   4500
=001  a539487
=003  SIRSI
=005  20070518154314.0
=008  730618s1972\\\\enk\\\\\\b\\\\000\0\eng\\
=010  \\$a   73000618
=015  \\$aB73-09027
=020  \\$a085432089X
=035  \\$aReclass
=035  \\$aMARS
=035  \\$a(OCoLC)ocn368126458
=037  \\$c£0.40
=040  \\$dUtOrBLW
=043  \\$ae-uk---
=050  00$aPR594$b.G3
=079  \\$aocm00663515
=082  0\$a821/.8/09
=090  \\$a821.09$bG173p
=100  1\$aGardner, Helen,$d1908-1986
=245  10$aPoems in the making :$bthe first Gwilym James memorial lecture of the University of Southampton delivered at the University on the 23rd May, 1972 /$cby Helen Gardner.
=260  \\$aSouthampton :$bUniversity of Southampton,$c1972.
=300  \\$a29 p. ;$c22 cm.
=336  \\$atext$2rdacontent
=337  \\$aunmediated$2rdamedia
=338  \\$avolume$2rdacarrier
=490  0\$aGwilym James memorial lecture$v1
=504  \\$aIncludes bibliographical references.
=596  \\$a1
=650  \0$aEnglish poetry$y19th century$xHistory and criticism.
=988  \\$a4/25/1987$c4/25/1987
=583  \\$arec$c19991208$kpja$5UPB
=989  \\$a821.09 G173p$wDEWEY$hhbll$i31197005047227$d2/17/1989$n2$51/1
=955  \\$lMAN$c1$r5047342
=926  \\$aLEE$bLEE-LIB$cPR 594 .G3$dBOOK$f1

