=LDR  01264cam a2200397 a 4500
=001  a538912
=003  SIRSI
=005  20070518154313.0
=008  730102s1972\\\\nyu\\\\\\b\\\\001\0\eng\\
=020  \\$a0198121369
=035  \\$aReclass
=035  \\$aMARS
=035  \\$a(OCoLC)ocn368124921
=040  \\$dUtOrBLW
=050  00$aPR1174$b.G3
=079  \\$aocm00548375
=082  00$a821/.008
=100  1\$aGardner, Helen,$d1908-1986
=245  14$aThe new Oxford book of English verse, 1250-1950 /$cchosen and edited by Helen Gardner.
=260  \\$aNew York :$bOxford University Press,$c©1972.
=300  \\$axii, 974 p. ;$c23 cm.
=336  \\$atext$2rdacontent
=337  \\$aunmediated$2rdamedia
=338  \\$avolume$2rdacarrier
=490  1\$aThe Oxford books of verse
=504  \\$aIncludes bibliographical references (p. 946-953) and indexes.
=596  \\$a1 12
=655  \0$aEnglish poetry.
=830  \0$aOxford books of verse.
=959  \\$ajof; SLH/dh (pro 4-98)
=977  \\$aPR 1174 .G3
=988  \\$a4/25/1987$b4/27/1998$c4/25/1987
=989  \\$aPR 1174 .G3$wLC$hhbll$i31197000628351$d2/4/1998$n12$q4$51/1
=955  \\$lMAN$a821.08$bG173n$c1$r628351
=926  \\$aLEE$bLEE-LIB$cPR 1174 .G3$dBOOK$f1
=926  \\$aLDSBC$bON-SHELF$cPR 1174 .G3$dBOOK$f1

