=LDR  01040cam a2200373   4500
=001  a538910
=003  SIRSI
=008  820420s1972\\\\enk\\\\\\\\\\\00110\eng\\
=010  \\$a   72195158
=015  \\$aB72-16903
=020  \\$a0571098460
=035  \\$aReclass
=035  \\$a(OCoLC)ocn368124039
=040  \\$dUPB
=050  00$aPR1191$b.G35
=079  \\$aocm00787933
=082  00$a821/.008/031$219
=090  \\$a821.08$bG173f
=100  1\$aGardner, Helen,$d1908-1986
=245  14$aThe Faber book of religious verse;$cedited by Helen Gardner.
=260  \\$aLondon :$bFaber,$c1972.
=300  \\$a3-377 p.$c23 cm.
=336  \\$atext$2rdacontent
=337  \\$aunmediated$2rdamedia
=338  \\$avolume$2rdacarrier
=350  \\$a£3.75
=500  \\$aIndex.
=596  \\$a1
=655  \0$aReligious poetry, English.
=988  \\$a4/25/1987$c4/25/1987
=583  \\$arec$c20000525$kjbw$5UPB
=955  \\$lMAN$c1$r5027799
=989  \\$a821.08 G173f$wDEWEY$hhbll$i31197005027799$d2/3/1993$n2$51/1
=926  \\$aLEE$bLEE-LIB$cPR 1191 .G35$dBOOK$f1

