=LDR  01002cam a2200337   4500
=001  a538909
=003  SIRSI
=008  721221s1972\\\\nyu\\\\\\\\\\\00110\eng\\
=010  \\$a721221s1972    nyu           00110 eng
=020  \\$a019519666X
=035  \\$aReclass
=035  \\$a(OCoLC)ocn368124911
=050  0\$aPR1191$b.G33
=079  \\$aocm00539106
=082  \\$a821/.05
=090  \\$a821.08$bG173b
=100  1\$aGardner, Helen,$d1908-1986
=245  12$aA book of religious verse.$cEdited by Helen Gardner.
=260  \\$aNew York :$bOxford University Press,$c1972.
=300  \\$a377 p.$c22 cm.
=336  \\$atext$2rdacontent
=337  \\$aunmediated$2rdamedia
=338  \\$avolume$2rdacarrier
=350  \\$a{dollar}12.50
=596  \\$a1
=655  \0$aReligious poetry, English.
=988  \\$a4/25/1987$c4/25/1987
=583  \\$arec$c19990311$kby$5UPB
=955  \\$lMAN$c1$r4956386
=989  \\$a821.08 G173b$wDEWEY$hhbll$i31197004956386$d2/24/1994$n3$q1$51/1
=926  \\$aLEE$bLEE-LIB$cPR 1191 .G33$dBOOK$f1

