=LDR  01272cam a2200349   4500
=001  a2885284
=003  SIRSI
=008  790111s1972\\\\enkah\\\\b\\\\000\0\eng\\
=010  \\$a   74179427
=020  \\$a0854178872
=035  \\$a(RLIN)UTBG9296751-B
=035  \\$a(OCoLC)ocn135949909
=040  \\$dUPB
=050  00$aPR2248$b.G26
=079  \\$aocm01086065
=082  00$a821/.3
=090  \\$bPR2248.G26
=100  1\$aGardner, Helen,$d1908-1986
=245  10$aJohn Donne's holograph of "A letter to the Lady Carey and Mrs Essex Riche" /$cHelen Gardner.
=260  \\$a[London] :$bScolar Mansell in conjunction with the Bodleian Library, Oxford,$c[©1972]
=300  \\$a11 p. :$bfacsim., port. ;$c21 cm.
=336  \\$atext$2rdacontent
=337  \\$aunmediated$2rdamedia
=338  \\$avolume$2rdacarrier
=500  \\$aIncludes facsim. of the poem ([2] p.) in pocket.
=504  \\$aIncludes bibliographical references.
=596  \\$a1
=600  10$aDonne, John,$d1572-1631$vManuscripts$vFacsimiles.
=600  10$aDonne, John,$d1572-1631.$tA letter to the Lady Carey and Mrs Essex Riche.
=700  1\$aDonne, John,$d1572-1631.$tA letter to the Lady Carey and Mrs Essex Riche. 1972.
=583  \\$c20020304$kcjk$lWater Damage$5UPB
=926  \\$aLEE$bLOCKED$cPR 2248 .G26$dLOCKED$f1

