=LDR  01191cam a2200385   4500
=001  a518111
=003  SIRSI
=005  20070515163946.0
=008  710903s1971\\\\enk\\\\\\b\\\\000\0\eng\\
=010  \\$a   71000903
=015  \\$aB71-07895
=020  \\$a0571095577
=035  \\$aReclass
=035  \\$aMARS
=035  \\$a(OCoLC)ocn368825581
=040  \\$dUtOrBLW
=050  0\$aPN49$b.G34
=079  \\$aocm00161929
=082  0\$a809.9/31
=100  1\$aGardner, Helen,$d1908-1986
=245  10$aReligion and literature,$cby Helen Gardner.
=260  \\$aLondon :$bFaber and Faber Ltd.,$c1971.
=300  \\$a3-195 p.$c23 cm.
=336  \\$atext$2rdacontent
=337  \\$aunmediated$2rdamedia
=338  \\$avolume$2rdacarrier
=504  \\$aIncludes bibliographical references.
=505  0\$aReligion and tragedy: the T. S. Eliot memorial lectures, 1968.--Religious poetry: the Ewing lectures, 1966.
=596  \\$a1
=650  \0$aReligion and literature.
=988  \\$a4/5/1987$b2/6/1991$c4/5/1987
=583  \\$arec$c19990917$krsb$5UPB
=989  \\$a809.9 G173r$wDEWEY$hhbll$i31197005189946$d11/13/1995$n5$q1$51/1
=955  \\$lMAN$c1$r5189946
=926  \\$aLEE$bLEE-LIB$cPN 49 .G34$dBOOK$f1

