=LDR  01442cam a2200433 a 4500
=001  a546246
=001  ACT8252
=003  SIRSI
=008  890126s1970\\\\enk\\\\\\b\\\\00110\eng\\
=010  \\$a   77519539 //r86
=015  \\$aB70-20549
=020  \\$a0198116950
=035  \\$a(RLIN)UTBG89-B2223
=035  \\$a(NRN)ACT8252
=035  \\$a(OCoLC)ocn135176534
=040  \\$dCStRLIN$dUPB
=050  00$aPR3071$b.W5 1970
=079  \\$aocm00103574
=082  \\$a822.3/3
=090  \\$aPR3071$b.W5 1970$i01/26/89 CT
=100  1\$aWilson, F. P.$q(Frank Percy),$d1889-1963.
=245  10$aShakespeare and the new bibliography /$cF. P. Wilson.
=250  \\$a[New ed.];$brevised and edited by Helen Gardner.
=260  \\$aOxford :$bClarendon,$c1970.
=300  \\$axiii, 136 p. ;$c21 cm.
=336  \\$atext$2rdacontent
=337  \\$aunmediated$2rdamedia
=338  \\$avolume$2rdacarrier
=500  \\$aFirst published in 1945 in Studies in retrospect, by the Bibliographical Society.
=500  \\$aIncludes index.
=504  \\$aIncludes bibliographical references.
=596  \\$a1
=600  10$aShakespeare, William,$d1564-1616$xCriticism, Textual.
=700  1\$aGardner, Helen,$d1908-1986
=988  \\$a4/1/1989$b2/6/1991$c4/1/1989
=989  \\$aPR 3071 .W5 1970$wLC$hhbll$i31197005109332$d9/23/1994$n1$q1$51/1
=950  \\$lMAN$p1$i01/26/89 C
=955  \\$lMAN$c1$r005109332$i01/26/89 C
=926  \\$aLEE$bLEE-LIB$cPR 3071 .W5 1970$dBOOK$f1

