=LDR  01321cam a2200409 a 4500
=001  a1737686
=003  SIRSI
=008  691212s1969\\\\enk\\\\\\b\\\\00010\eng\\
=010  \\$a   74433686
=015  \\$aB69-20731
=020  \\$a0198116772
=035  \\$a(RLIN)UTBGRLA112345-B
=035  \\$aReclass
=035  \\$a(OCoLC)ocn370660337
=040  \\$cUPRA
=050  0\$aPR2894$b.W567 1969
=079  \\$aocm00047042
=082  \\$a822.3/3
=100  1\$aWilson, F. P.$q(Frank Percy),$d1889-1963.
=245  10$aShakespearian and other studies /$cby F.P. Wilson ; edited by Helen Gardner.
=260  \\$aOxford :$bClarendon Press,$c©1969.
=300  \\$ax, 345 p. ;$c23 cm.
=336  \\$atext$2rdacontent
=337  \\$aunmediated$2rdamedia
=338  \\$avolume$2rdacarrier
=500  \\$aIncludes an essay on table talk.
=504  \\$aIncludes bibliographical references.
=596  \\$a1
=600  10$aShakespeare, William,$d1564-1616.
=600  10$aShakespeare, William,$d1564-1616$xCriticism and interpretation.
=650  \0$aEnglish literature$xHistory and criticism.
=700  1\$aGardner, Helen,$d1908-1986
=988  \\$a11/4/1995$c11/4/1995
=583  \\$arec$c19991214$kjof$5UPB
=955  \\$ahbll$b822.339$cW693s
=989  \\$a822.339 W693s$wDEWEY$hhbll$51/0
=926  \\$aLEE$bLEE-LIB$cPR 2894 .W567 1969$dBOOK$f1

