=LDR  01985cjm a2200397Mc 4500
=001  a6736187
=003  SIRSI
=005  20160722170345.0
=007  sd|uungnnmmneu
=008  140911s1967\\\\xxu\\nn\\\\\\\\\\\n\zxx\d
=028  02$aLSP 10157$bRCA
=035  \\$a(OCoLC)935598852
=035  \\$aUtOrBLW
=040  \\$aGBVCP$bger$erakwb$cGBVCP$dUBY$dUtOrBLW
=245  04$aThe best of Spike Jones.$nVol. II,$p[...]$hTontraeger.
=260  3\$a[s.l.] :$bRCA,$c[ca. 1967]
=300  \\$a1 Schallpl :$b33 UpM, Stereo
=501  \\$aEnth.: Holiday for springs -- Chloe -- My old flame -- The glow worm -- None but the lonely heart -- Flight of the bumble bee -- Laura -- The man of the flying trapeze -- You always hurt the ne you love -- Der Fuehrer's face -- Dance of the hours -- Hawaiian war chant
=511  0\$aInterpr.: The City Slickers -- Spike Jones, vocal. Red Ingle, vocal. Paul Judson, vocal. Paul Frees, vocal. Aillen Carlisle, vocal. Helen Grayco, vocal. Dick Gardner, violin. Doodle Weaver, vocal. Carl Grayson, vocal. Wille Spicer, birdphone.
=596  \\$a7
=655  \7$aLong-playing records.$2aat
=700  1\$aJones, Spike,$ePerformer.$4prf$0(DE-601)08047537X$0(DE-588)120142953
=700  1\$aIngle, Red,$ePerformer.$4prf$0(DE-601)693146613$0(DE-588)135057884
=700  1\$aJudson, Paul,$ePerformer.$4prf
=700  1\$aFrees, Paul,$ePerformer.$4prf
=700  1\$aCarlisle, Aileen,$ePerformer.$4prf
=700  1\$aGrayco, Helen$ePerformer.$4prf
=700  1\$aGardner, Dick,$ePerformer.$4prf
=700  1\$aWeaver, Doodles,$d1911-1983,$ePerformer.$4prf
=700  1\$aGrayson, Carl,$ePerformer.$4prf
=700  1\$aSpicer, Willie,$ePerformer.$4prf
=710  2\$aSpike Jones and His City Slickers.$0(DE-601)527928429$0(DE-588)6064508-8
=773  08$w(DE-601)796630631
=583  \\$acat $bd:oclc:lp $c 20160722 $k cvt $5 UPB
=590  \\$aJack Mirtle collection of Billy May, Spike Jones, and Capitol Records (MSS 8843).
=926  \\$aMUSIC$bMUSIC-MRA$cRCA LSP 10157$dRECORD$f1

