=LDR  01292cam a2200373 a 4500
=001  a632366
=003  SIRSI
=008  860303c19671965enkaf\\\\b\\\\00010\eng\d
=035  \\$a(RLIN)UTBG86-B8576
=035  \\$a(OCoLC)ocn135137391
=040  \\$aUPB$beng$cUPB$dUPB
=050  04$aPR3562$b.G3 1967
=079  \\$aocm00328647
=082  00$a821.4
=090  \\$aPR3562$b.G3 1967$i03/03/86 CT
=100  1\$aGardner, Helen,$d1908-1986,$eauthor.
=245  12$aA reading of Paradise lost /$cby Helen Gardner.
=260  \\$aOxford :$bClarendon Press,$c1967, ©1965.
=300  \\$ax, 131 pages, 5 unnumbered leaves of plates :$billustrations ;$c22 cm.
=336  \\$atext$btxt$2rdacontent
=337  \\$aunmediated$bn$2rdamedia
=338  \\$avolume$bnc$2rdacarrier
=490  1\$aThe Alexander lectures at the University of Toronto ;$v1962
=500  \\$aReprinted with corrections, 1967.
=504  \\$aIncludes bibliographical references.
=596  \\$a1
=600  10$aMilton, John,$d1608-1674.$tParadise lost.
=650  \0$aFall of man in literature.
=830  \0$aAlexander lectures ;$v1962.
=988  \\$a5/1/1986$c5/17/1986
=950  \\$lMAN$p1$i03/03/86 C
=955  \\$lMAN$c1$r11102917$i03/03/86 C
=989  \\$aPR3562 .G3 1967$wLC$hhbll$51/0
=926  \\$aLEE$bLEE-LIB$cPR 3562 .G3 1967$dBOOK$f1

