=LDR  01095cam a2200349   4500
=001  a544731
=003  SIRSI
=008  731001s1967\\\\enk\\\\\\\\\\\00010\eng\\
=015  \\$aB67-3578
=035  \\$aReclass
=035  \\$a(OCoLC)ocn368148374
=050  0\$aPR2819$b.G3 1967
=079  \\$aocm00954615
=082  \\$a822/.3/3
=090  \\$a822.33$bL47Xg
=100  1\$aGardner, Helen,$d1908-1986
=245  10$aKing Lear,$cby Helen Gardner.
=260  \\$aLondon :$bAthlone P.,$c1967.
=300  \\$a[4], 28 p.$c22 cm.
=336  \\$atext$2rdacontent
=337  \\$aunmediated$2rdamedia
=338  \\$avolume$2rdacarrier
=490  1\$aThe John Coffin memorial lecture,$v1966
=596  \\$a1
=600  10$aShakespeare, William,$d1564-1616.$tKing Lear.
=830  \0$aJohn Coffin memorial lecture,$v1966
=959  \\$ajof
=988  \\$a6/5/1987$b2/2/1998$c6/5/1987
=583  \\$c20110623$kmjf$lDamaged:pencil, black pen, yellow highlighter$5UPB
=955  \\$lMAN$c1$r547478
=989  \\$aPR 2819 .G3 1967$wLC$hhbll$i31197000547478$d4/7/1998$n36$q8$51/1
=926  \\$aLEE$bLEE-LIB$cPR 2819 .G3 1967$dBOOK$f1

