=LDR  01063cam a2200361   4500
=001  a538911
=003  SIRSI
=008  790611s1967\\\\enk\\\\\\b\\\\00010\eng\\
=010  \\$a    67102365
=015  \\$aB67-17597
=035  \\$aReclass
=035  \\$a(OCoLC)ocn368124918
=050  0\$aPR1205$b.G3 1967
=079  \\$aocm02028238
=082  \\$a821/.4/08
=090  \\$a821.08$bG173m
=100  1\$aGardner, Helen,$d1908-1986
=245  14$aThe metaphysical poets;$cselected and edited by Helen Gardner.
=250  \\$a2nd ed.
=260  \\$aLondon :$bOxford U.P.,$c1967.
=300  \\$axxxvi, 309 p.$c20 cm.
=336  \\$atext$2rdacontent
=337  \\$aunmediated$2rdamedia
=338  \\$avolume$2rdacarrier
=350  \\$a27/6
=504  \\$aBibliography: p. 283.
=596  \\$a1
=655  \0$aEnglish poetry$yEarly modern, 1500-1700.
=988  \\$a4/25/1987$c4/25/1987
=583  \\$arec$c19990312$kslh$5UPB
=955  \\$lMAN$c1$r4958028
=989  \\$a821.08 G173m$wDEWEY$hhbll$i31197004958028$d1/17/1992$n7$q3$51/1
=926  \\$aLEE$bLEE-LIB$cPR 1205 .G3 1967$dBOOK$f1

