=LDR  01111cam a2200349 i 4500
=001  a536580
=003  SIRSI
=008  750507s1967\\\\enk\\\\\\b\\\\00010\eng\\
=010  \\$a   67112246
=035  \\$a(UPRA)tmp14443868
=035  \\$a(RLIN)UTBGRLA121744-B
=035  \\$aReclass
=035  \\$a(OCoLC)ocn369069003
=040  \\$cUPRA$dUPB
=050  00$aPR53.O9$bG3
=079  \\$aocm01317564
=082  00$a820/.7
=100  1\$aGardner, Helen,$d1908-1986
=245  10$aLiterary studies :$ban inaugural lecture delivered before the University of Oxford on 1 June 1967 /$cby Helen Gardner.
=260  \\$aOxford :$bClarendon Press,$c1967.
=300  \\$a32 p. ;$c22 cm.
=336  \\$atext$2rdacontent
=337  \\$aunmediated$2rdamedia
=338  \\$avolume$2rdacarrier
=504  \\$aIncludes bibliographical references.
=596  \\$a1
=650  \0$aEnglish literature$xStudy and teaching.
=988  \\$a11/1/1995$b3/31/1998$c8/11/1985
=583  \\$arec$c19981222$kllb$5UPB
=955  \\$ahbll$b820.7$cG173L
=989  \\$a820.7 G173L$wDEWEY$hhbll$i31197004907942$51/1
=926  \\$aLEE$bLEE-LIB$cPR 53 .O9 G3$dBOOK$f1

