=LDR  01280cam a2200397 i 4500
=001  a554836
=003  SIRSI
=008  720215s1965\\\\enkac\\\\b\\\\001\0\eng\\
=010  \\$a   65006720
=035  \\$a(CSt)notisACV1570
=035  \\$a(OCoLC)ocm00242532
=035  \\$a(RLIN)utbgRLA134885-B
=035  \\$a(UPRA)tmp14458295
=035  \\$aReclass
=035  \\$a(OCoLC)ocn368200331
=040  \\$cUPRA
=050  0\$aPR2246$b.G27
=079  \\$aocm00242532
=082  \\$a821.3
=100  1\$aDonne, John,$d1572-1631.
=245  14$aThe elegies, and The songs and sonnets.$cEdited with introd. and commentary by Helen Gardner.
=260  \\$aOxford :$bClarendon Press,$c1965.
=300  \\$axcix, 272 p.$billus., ports.$c23 cm.
=336  \\$atext$2rdacontent
=337  \\$aunmediated$2rdamedia
=338  \\$avolume$2rdacarrier
=500  \\$aIncludes unacc. melodies.
=504  \\$aIncludes bibliographical references and index.
=596  \\$a1
=700  1\$aGardner, Helen,$d1908-1986
=700  1\$aDonne, John,$d1572-1631.$tSongs and sonets.
=988  \\$a11/11/1995$c8/11/1985
=583  \\$ao.t.rec$c20001108$krsb$5UPB
=955  \\$ahbll$b827.358$cG17e
=989  \\$a827.358 G17e$wDEWEY$hhbll$i31197001182333$d10/24/1995$n15$51/1
=926  \\$aLEE$bLEE-LIB$cPR 2246 .G27$dBOOK$f1

