=LDR  01252cam a2200385   4500
=001  a554867
=003  SIRSI
=008  730515s1962\\\\nju\\\\\\b\\\\00000\eng\\
=035  \\$aReclass
=035  \\$a(OCoLC)ocn368200407
=050  0\$aPR2248$b.G25
=079  \\$aocm00351569
=082  \\$a821.3
=090  \\$a827.359$bG173
=100  1\$aGardner, Helen,$d1908-1986
=245  10$aJohn Donne:$ba collection of critical essays.$cedited by Helen Gardner.
=260  \\$aEnglewood Cliffs, N.J. :$bPrentice-Hall$c[©1962]
=300  \\$a183 p.$c21 cm.
=336  \\$atext$2rdacontent
=337  \\$aunmediated$2rdamedia
=338  \\$avolume$2rdacarrier
=440  \0$aTwentieth century views
=500  \\$a"A Spectrum book, STC-19."
=504  \\$aIncludes bibliography.
=596  \\$a1
=600  10$aDonne, John,$d1572-1631.
=959  \\$ajof
=988  \\$a7/17/1987$b7/7/1998$c7/17/1987
=583  \\$c20110526$kmjf$lDamaged:pen, pencil$5UPB
=955  \\$lMAN$c1$r3933402
=955  \\$lMAN$c2$r10962188
=989  \\$aPR 2248 .G25$wLC$hhbll$i31197003933402$d5/22/1998$n15$q1$51/1
=989  \\$a827.359 G173$wDEWEY$hhbll$i31197010962188$d11/11/1997$n40$q7$52/1
=926  \\$aLEE$bLEE-LIB$cPR 2248 .G25$dBOOK$f1
=926  \\$aLEE$bLEE-LIB$cPR 2248 .G25$dBOOK$f2

