=LDR  01355cam a2200385   4500
=001  a845042
=003  SIRSI
=008  880613s1959\\\\nyua\\\\\b\\\\00100\eng\\
=010  \\$a   59005510
=035  \\$a(NRN)DAX3025
=035  \\$a(RLIN)UTBG88-B18560
=035  \\$a(OCoLC)ocn135754783
=040  \\$aDLC$beng$cDLC$dUPB
=050  00$aN5300$b.G25 1959
=079  \\$aocm40622730
=082  00$a709
=090  \\$aN5300$b.G25 1959$i08/08/88 T
=100  1\$aGardner, Helen,$d1878-1946.
=240  10$aArt through the ages
=245  10$aHelen Gardner's Art through the ages.
=250  \\$aFourth edition /$brevised under the editorship of Sumner M. Crosby by the Dept. of the History of Art, Yale University.
=260  \\$aNew York :$bHarcourt, Brace,$c[1959], ©1959.
=300  \\$a840 pages :$billustrations ;$c25 cm
=336  \\$atext$btxt$2rdacontent
=337  \\$aunmediated$bn$2rdamedia
=338  \\$avolume$bnc$2rdacarrier
=504  \\$aIncludes bibliographical references and index.
=596  \\$a1
=650  \0$aArt$xHistory.
=988  \\$a8/23/1988$c8/23/1988
=945  \\$aVerla Birrell;$d05/08/2002;$eanth.
=955  \\$lMAN$c1$r001612214$h06/13/88 C
=989  \\$aN5300 .G25 1959$wLC$hhbll$i31197001612214$d12/2/1996$n25$q15$51/1
=926  \\$aLEE$bLEE-LIB$cN 5300 .G25 1959$dBOOK$f1
=926  \\$aLEE$bANTHRO-MUS$cN 5300 .G25 1959$dNON-CIRC$f2

