=LDR  01192cam a2200385 i 4500
=001  a537766
=003  SIRSI
=008  830309s1959\\\\enk\\\\\\b\\\\00000\eng\\
=010  \\$a   59001065
=035  \\$a(UPRA)tmp14416473
=035  \\$a(RLIN)UTBGRLA122500-B
=035  \\$aReclass
=035  \\$a(OCoLC)ocn369074344
=040  \\$cUPRA
=050  0\$aPR2200.A4$bA17 1959
=079  \\$aocm00242502
=082  \\$a821.3
=100  1\$aAlabaster, William,$d1567-1640.
=245  10$aSonnets.$cEdited by G. M. Story and Helen Gardner.
=260  \\$a[London]$bOxford University Press,$c1959.
=300  \\$aliv, 65 p.$c23 cm.
=336  \\$atext$2rdacontent
=337  \\$aunmediated$2rdamedia
=338  \\$avolume$2rdacarrier
=490  0\$aOxford English monographs
=504  \\$aIncludes bibliographical references.
=596  \\$a1
=700  1\$aStory, G. M.$q(George Morley),$d1927-1994
=700  1\$aGardner, Helen,$d1908-1986
=988  \\$a11/1/1995$c8/11/1985
=583  \\$a rec$c19990127$kby$5UPB
=583  \\$c20130418$khaa$lDamaged:pencil$5UPB
=955  \\$ahbll$b821$cAL11s
=989  \\$a821 AL11s$wDEWEY$hhbll$i31197005010191$51/1
=926  \\$aLEE$bLEE-LIB$cPR 2200 .A4 A17 1959$dBOOK$f1

