=LDR  00927cam a22003371i 4500
=001  a2229207
=003  SIRSI
=008  880504s1959\\\\enk\\\\\\\\\\\00000\eng\\
=010  \\$a   59003455
=035  \\$a(CStRLIN)UTBGRLA421169-B
=035  \\$aReclass
=035  \\$a(OCoLC)ocn369560922
=040  \\$cUPRA
=050  00$aPN85$b.G33
=079  \\$aocm00325762
=082  \\$a801.9
=100  1\$aGardner, Helen,$d1908-1986
=245  14$aThe business of criticism.
=260  \\$aOxford :$bClarendon Press,$c1959.
=300  \\$a157 p. ;$c19 cm.
=336  \\$atext$2rdacontent
=337  \\$aunmediated$2rdamedia
=338  \\$avolume$2rdacarrier
=596  \\$a1
=650  \0$aCriticism.
=988  \\$a5/4/1997$c5/4/1988
=997  \\$d11/07/1996$lUTBG$m4 matches$wPAUG88-B19148
=583  \\$arec$c19990120$kpja$5UPB
=950  \\$lhbll$a801.9$bG17b
=989  \\$a801.9 G17b$wDEWEY$hhbll$51/0
=926  \\$aLEE$bLEE-LIB$cPN 85 .G33$dBOOK$f1

