=LDR  01102cam a2200361   4500
=001  a522126
=003  SIRSI
=008  940128s1950\\\\nyu\\\\\\b\\\\000\0\eng\\
=010  \\$a   50009034
=035  \\$a(RLIN)UTBG94-B9466
=035  \\$a(UPRA)UTBG94-B9466
=035  \\$aReclass
=035  \\$a(OCoLC)ocn136858361
=040  \\$aMiU$cMiU$dNNC
=050  0\$aPS3509.L43$bZ675 1950
=079  \\$aocm02082815
=082  \\$a811.5
=100  1\$aGardner, Helen,$d1908-1986
=245  14$aThe art of T. S. Eliot.
=260  \\$aNew York :$bDutton,$c[1950]
=300  \\$a185 p. ;$c22 cm.
=336  \\$atext$2rdacontent
=337  \\$aunmediated$2rdamedia
=338  \\$avolume$2rdacarrier
=504  \\$aIncludes bibliographical references.
=583  \\$c20160329$ksjh/crp$lDamaged:red pencil$5UPB
=596  \\$a1
=600  10$aEliot, T. S.$q(Thomas Stearns),$d1888-1965.
=959  \\$ahtb
=988  \\$a6/17/1995$b12/16/1997$c8/11/1985
=955  \\$ahbll$b811.519$cG173
=989  \\$aPS 3509 .L43 Z675 1950$wLC$hhbll$i31197000962818$d12/9/1997$n7$q2$51/1
=926  \\$aLEE$bLEE-LIB$cPS 3509 .L43 Z675 1950$dBOOK$f1

