=LDR  01855cjm a22004577a 4500
=001  a6493963
=003  SIRSI
=005  20140912153719.0
=007  sd\dmsdnnmsune
=008  110802s1949\\\\njuppnn\\\\\\\\\\\n\eng\d
=028  02$a20-3516$bVictor
=035  \\$a(OCoLC)ocn744451690
=035  \\$aUtOrBLW
=035  \\$a(OCoLC)ocn891163161
=040  \\$aMUM$beng$cMUM$dOCLCQ$dOCLCO$dOCLCQ$dOCLCF$dOCLCO$dUtOrBLW
=079  \\$aocn744451690
=100  1\$aPonchielli, Amilcare,$d1834-1886.
=240  10$aGioconda.$pDanza delle ore$oarranged
=245  10$aDance of the hours /$cPonchielli ; arr. Doodles Weaver and Spike Jones. None but the lonely heart : a soaperetta / arr. Eddie Brandt and Spike Jones.
=260  \\$aCamden, N.J. :$bVictor,$c[1949]
=300  \\$a1 audio disc :$banalog, 78 rpm, mono ;$c10 in.
=336  \\$aperformed music$bprm$2rdacontent
=337  \\$aaudio$bs$2rdamedia
=338  \\$aaudio disc$bsd$2rdacarrier
=500  \\$aTitle from disc label.
=500  \\$aVictor: 20-3516.
=511  0\$aSpike Jones and his City Slickers; Doodles Weaver, commentator (side A); Helen Grayco, girl, Spike Jones, boy, Dick Gardner, violin solo (side B).
=500  \\$aDate from The American 45 and 78 rpm record dating guide, 1940-1959 / Daniels, 1985.
=596  \\$a7
=655  \7$aPopular music$y1941-1950.
=655  \7$a78 rpm records.$2aat
=700  1\$aWeaver, Doodles,$d1911-1983.$4arr$4prf
=700  1\$aJones, Spike,$d1911-1965$4arr$4prf
=700  1\$aBrandt,$eeditor,$d1920-2011.$4arr
=700  1\$aGrayco, Helen$4prf
=710  2\$aCity Slickers$4prf
=740  02$aNone but the lonely heart.
=945  \\$aParnassus Records.$d09/12/2014.
=583  \\$a78CAT$bd$c20140912$kmsh/esc$5UPB
=926  \\$aMUSIC$bMUSIC-MRA$c78 rpm (10) Victor 20-3516$dRECORD$f1
=926  \\$aMUSIC$bMUSIC-MRA$c78 rpm (10) Victor 20-3516$dRECORD$f2

