=LDR  02921cgm a2200553Ia 4500
=001  a4414664
=003  SIRSI
=005  20100323170334.0
=007  mr\buuudun|||||||||||||
=008  100323s1940\\\\xxu141\\\\\\\\\\\\mleng\d
=035  \\$a(OCoLC)ocn567804254
=035  \\$aUtOrBLW
=035  \\$a(IMDb)tt0032194
=040  \\$aUBY$eamim$cUBY$dUBY$dUtOrBLW
=079  \\$aocn567802419
=090  \\$aMSS 2134 no. 002
=130  0\$aAll this, and Heaven too (Motion picture)
=245  00$aAll this, and Heaven too /$cWarner Bros. Pictures ; director, Anatole Litvak ; producer, Anatole Litvak ; screenplay, Casey Robinson.
=257  \\$aUnited States.
=260  \\$aUnited States :$bWarner Bros. Pictures,$c1940.
=300  \\$a4 film reels of 4 (141 min., 5,076 ft.) :$bsd., b&w ;$c16 mm.
=336  \\$atwo-dimensional moving image$2rdacontent
=337  \\$aprojected$2rdamedia
=338  \\$afilm reel$2rdacarrier
=506  \\$aCondition restricted;$bpermission to view item must be obtained from the Supervisor of Reference Services.$cPatrons should use reference copy.
=500  \\$aBased on the novel All This and Heaven Too, by Rachel Field.
=508  \\$aOriginal music, Max Steiner; director of photography, Ernie Haller; film editing, Warren Low.
=511  1\$aBette Davis, Charles Boyer, Jeffrey Lynn, Barbara O'Neil, Virginia Weidler, Helen Westley, Walter Hampden, Henry Daniell, Harry Davenport, George Coulouris, Montagu Love, Janet Beecher, June Lockhart, Ann E. Todd, Richard Nichols, Fritz Leiber, Ian Keith, Sibyl Harris, Edward Fielding, Mary Anderson, Ann Gillis, Peggy Stewart, Victor Kilian, Mrs. Gardner Crane.
=520  \\$aWhen a French nobleman hires a governess for his children, his wife becomes jealous. When the wife is found dead, the husband commits suicide and the governess is forced to flee the country.
=596  \\$a9
=655  \0$aFilm adaptations.$2lcgft
=655  \7$aFeature films.$2lcgft
=700  1\$aLitvak, Anatole,$d1902-1974$edirector.
=700  1\$aLitvak, Anatole,$d1902-1974$eproducer.
=700  1\$aRobinson, Casey$eauthor of screenplay, etc.
=700  1\$aSteiner, Max,$d1888-1971$ecomposer.
=700  1\$aDavis, Bette,$d1908-1989$eactor.
=700  1\$aBoyer, Charles,$d1899-1978$eactor.
=700  1\$aLynn, Jeffrey,$d1909-1995,$eactor.
=700  1\$aField, Rachel,$d1894-1942.$tAll this and Heaven too.
=710  2\$aWarner Bros. Pictures (1923-1967)$eproducer.
=710  2\$aWarner Bros. Pictures (1923-1967)$edistributor.
=852  \\$aL. Tom Perry Special Collections, Harold B. Lee Library, Brigham Young University,$eProvo, Utah 84602.
=948  \\$hHELD BY UBY - 0 OTHER HOLDINGS
=583  \\$aprocessed$c2005$kNorm Gillespie$5UPB
=583  \\$acat$c20100323$kCory Nimer$5UPB
=583  \\$aprocessed$c2005$kNorm Gillespie$5UPB
=583  \\$acat$c20100323$kCory Nimer$5UPB
=926  \\$aSPEC-COLL$bCOLD-VAULT$cMSS 2134 no. 002$dFILM$f1

