=LDR  01259nam a2200373   4500
=001  a1596917
=003  SIRSI
=008  960904s1936\\\\nyuaf\\\\b\\\\00000\eng\\
=010  \\$a   36018041
=035  \\$a(LGTO)(RLIN)IAUG87-B16375
=035  \\$a(MARCcat)
=035  \\$aReclass
=035  \\$a(OCoLC)ocn369652450
=040  \\$aDLC$beng$cDLC$dCMalG$dMiU$dIaU$dUPB
=050  00$aN5300$b.G25 1936
=079  \\$aocm01555480
=082  00$a709
=090  \\$aN5300$b.G25 1936
=100  1\$aGardner, Helen,$d1878-1946$eauthor.
=245  10$aArt through the ages;$ban introduction to its history & significance,$cby Helen Gardner.
=250  \\$aRevised edition.
=260  \\$aNew York :$bHarcourt, Brace and Company,$c[1936], ©1936.
=300  \\$axxv, 795 pages, iv leaves of plates :$billustrations (some color) ;$c23 cm
=336  \\$atext$btxt$2rdacontent
=337  \\$aunmediated$bn$2rdamedia
=338  \\$avolume$bnc$2rdacarrier
=504  \\$aIncludes bibliographical references.
=596  \\$a1
=650  \0$aArt$xHistory.
=959  \\$apjr
=988  \\$a2/18/1995$b10/17/1996$c2/18/1995
=955  \\$ahbll$b709$cG173$c1936
=989  \\$aN 5300 .G25 1936$wLC$hhbll$i31197122736058$d11/21/1995$n12$q2$51/1
=926  \\$aLEE$bLEE-LIB$cN 5300 .G25 1936$dBOOK$f1

