=LDR  01275cam a2200397 i 4500
=001  a1867188
=003  SIRSI
=008  890602s1932\\\\nyubcef\\b\\\\00010\eng\\
=010  \\$a   32011213
=035  \\$a(UPRA)tmp14919742
=035  \\$a(UPRA)utbgRLA182767-B
=035  \\$aReclass
=035  \\$a(OCoLC)ocn370261312
=040  \\$cUPRA
=050  0\$aN7425$b.G3
=079  \\$aocm00789582
=082  \\$a701
=100  1\$aGardner, Helen,$d1878-1946.
=245  10$aUnderstanding the arts,$cby Helen Gardner.
=260  \\$aNew York,$aChicago :$bHarcourt, Brace and company$c[©1932]
=300  \\$aviii, 336 p.$bfront., illus. (incl. maps, plans) plates (1 col.) ports., facsims.$c20 cm.
=336  \\$atext$2rdacontent
=337  \\$aunmediated$2rdamedia
=338  \\$avolume$2rdacarrier
=504  \\$aIncludes bibliographies.
=596  \\$a1
=650  \0$aArt.
=959  \\$aesc
=988  \\$a12/8/1995$b12/21/1995$c12/8/1995
=955  \\$ahbll$b701$cG17u
=989  \\$aN 7425 .G3$wLC$hhbll$i31197004425093$d7/12/1993$n1$51/1
=955  \\$ahbll$b701$cG17u
=989  \\$aN 7425 .G3$wLC$hhbll$i31197004425093$d7/12/1993$n1$51/1
=955  \\$ahbll$b701$cG17u
=989  \\$aN 7425 .G3$wLC$hhbll$i31197004425093$d7/12/1993$n1$51/1
=926  \\$aLEE$bLEE-LIB$cN 7425 .G3$dBOOK$f1

