=LDR  01114cam a2200325 i 4500
=001  a488860
=003  SIRSI
=008  861205s1926\\\\nyuaf\\\\b\\\\00110\eng\\
=010  \\$a   26011559
=035  \\$a(UPRA)tmp14925157
=035  \\$a(UPRA)utbgRLA183697-B
=035  \\$a(OCoLC)ocn368526185
=040  \\$aDLC$beng$cDLC$cUPRA$dUPB
=050  00$aN5300$b.G25
=079  \\$aocm00971519
=100  1\$aGardner, Helen,$d1878-1946$eauthor.
=245  10$aArt through the ages :$ban introduction to its history and significance /$cby Helen Gardner.
=260  \\$aNew York :$bHarcourt Brace & company,$c[1926], ©1926.
=300  \\$axi, 506 pages :$billustrations (some color) ;$c21 cm
=336  \\$atext$btxt$2rdacontent
=337  \\$aunmediated$bn$2rdamedia
=338  \\$avolume$bnc$2rdacarrier
=504  \\$aIncludes bibliographical references and index.
=596  \\$a1
=650  \0$aArt$xHistory.
=959  \\$aah:d;
=988  \\$a12/8/1995$b1/3/1996$c8/11/1985
=955  \\$ahbll$b709$cG173
=989  \\$aN 5300 .G25 1926$wLC$hhbll$i31197003275549$d5/25/1989$n5$52/1
=926  \\$aLEE$bLEE-LIB$cN 5300 .G25 1926$dBOOK$f1

